3234 4909
786 1085 1518 1180 LECTORI
1622 1093 2533 1195 BENEVOLO

961 1402 1125 1478 JO·
1194 1405 1751 1484 GEORGIUS
1824 1409 2349 1492 GRAEvms.
2394 1485 2401 1492 .

569 1973 690 2065 L.
720 1995 996 2063 Anum
1031 1997 1272 2064 Fnom
1316 1997 1628 2084 epitome,
1651 2020 1782 2086 quo
1808 2001 2295 2086 posterioribus
2324 2003 2760 2086 temporibuS,

568 2117 722 2163 cum
765 2118 887 2183 pro
929 2099 1287 2172 bominum,
1307 2103 1577 2168 illorum
1619 2103 1929 2170 socordia
1971 2103 2435 2190 praestantium
2482 2107 2765 2188 scripto·

567 2218 716 2265 rum
742 2203 1082 2268 volumina
1106 2204 1458 2287 grandiora
1485 2204 1842 2284 sorderent,
1864 2207 2147 2291 plurium
2176 2203 2677 2272 describebatur
2704 2210 2770 2270 et

567 2302 899 2368 terebatur
923 2303 1252 2384 manibus,
1282 2312 1464 2371 tanto
1501 2305 1901 2390 flagitiosius
1920 2306 2046 2372 fuit
2074 2311 2405 2390 corrupta,
2434 2313 2502 2372 et
2528 2291 2770 2372 foedio·

571 2402 756 2466 ribus
795 2403 1134 2488 inquinata
1167 2405 1472 2471 maculis.
1561 2405 1649 2470 Iu
1680 2405 1813 2470 illis
1854 2406 2340 2488 expungendis,
2384 2413 2452 2472 et
2486 2406 2772 2497 pristina

573 2501 868 2568 sanitate
912 2504 1440 2589 redintegranda,
1492 2525 1645 2571 cum
1694 2511 1848 2590 post
1889 2511 2140 2572 tantam
2196 2512 2266 2572 et
2324 2515 2462 2572 tam
2505 2499 2770 2590 longam

571 2611 832 2670 noctem
860 2605 1441 2689 pulcherrimarum
1471 2604 1712 2672 artium
1754 2605 1875 2672 lux
1919 2606 2303 2685 exoriretur,
2323 2607 2599 2671 multum
2628 2615 2773 2690 stur

575 2704 670 2770 dii
700 2726 1058 2790 operaeque
1085 2717 1470 2791 posuerunt,
1490 2709 1610 2792 qui
1639 2708 1906 2789 ingenio
1928 2713 1996 2772 et
2012 2707 2322 2774 doctrina
2344 2728 2482 2791 prae
2512 2701 2773 2788 ceteris,

574 2823 700 2872 suo
728 2807 1014 2891 quisque
1045 2809 1326 2884 saeculo,
1353 2805 1739 2886 floruerunt,
1771 2805 1959 2872 Elias
1988 2805 2303 2884 VinetuS,
2331 2806 2376 2870 J
2382 2814 2576 2871 ustus
2608 2807 2774 2892 Lip-

573 2907 742 2986 sius,
761 2905 808 2972 J
811 2925 1070 2973 oannes
1091 2907 1439 2987 GruteruS‚
1457 2907 1781 2974 Claudius
1803 2905 2194 2986 Salmasius,
2212 2904 2259 2971 J
2262 2925 2518 2972 oannes
2542 2895 2773 2972 Frein-

576 3007 889 3087 shemim,
916 3006 1220 3074 Adamus
1260 3009 1628 3094 Rupertus,
1671 3016 1740 3076 et
1786 3008 2105 3094 nuperius
2148 3005 2349 3074 Anna
2389 3007 2774 3093 Tanaquilli

579 3109 784 3173 Fabri
811 3107 971 3172 filia.
1061 3109 1220 3174 Hoc
1267 3117 1494 3175 tamen
1537 3108 1780 3192 Augiae
1828 3109 2164 3176 stabulum
2214 3129 2347 3176 non
2396 3111 2497 3176 sic
2537 3109 2776 3195 potue-

576 3217 734 3275 runt
776 3229 1079 3295 purgare,
1124 3213 1298 3295 quin·
1321 3213 1534 3278 multa
1559 3212 2075 3297 relinquerentur
2103 3215 2515 3296 posterorum
2544 3212 2776 3277 iudus-

577 3313 724 3376 trioe
773 3331 859 3377 ac
899 3313 1241 3379 sollertiae.
1331 3313 1484 3380 Nec
1533 3313 1695 3380 nihil
1745 3313 1833 3380 ad
1884 3311 2324 3380 cumulandos
2372 3311 2495 3378 hos
2540 3332 2775 3379 naevos

578 3415 733 3497 ipsa
779 3415 1106 3480 scribendi
1165 3415 1363 3496 ratio,
1411 3435 1610 3502 quam
1676 3421 1951 3482 secutus
2008 3409 2139 3481 est·
2167 3413 2429 3494 FloruS,
2480 3415 2777 3481 contulit.

585 3515 766 3580 Nam
795 3535 949 3581 cum
976 3515 1243 3583 ablatus
1283 3516 1647 3602 depravata
1688 3517 2209 3584 declamatorum
2255 3515 2474 3582 aetatis
2502 3535 2647 3584 suae
2678 3517 2779 3584 di-

579 3617 773 3682 cendi
801 3617 1307 3696 cousuetudine,
1347 3619 1628 3683 multum
1671 3617 2070 3683 descivisset
2107 3637 2151 3682 a
2177 3617 2404 3681 nativa
2432 3616 2553 3680 illa
2581 3624 2654 3681 et
2678 3618 2779 3683 in-

575 3717 805 3782 fucata
833 3720 1148 3784 castitate
1178 3727 1251 3785 et
1287 3718 1572 3783 candore
1611 3719 1934 3784 sermonis
1965 3717 2211 3795 Latini,
2249 3715 2363 3800 qui
2392 3716 2460 3780 in
2486 3715 2780 3784 Tulliani

579 3823 648 3882 et
675 3817 998 3902 Augustei
1036 3820 1269 3885 saeculi
1299 3820 1741 3904 scriptoribus
1770 3818 2060 3903 effulget,
2088 3825 2158 3884 et
2196 3817 2521 3882 cincinnis
2552 3837 2634 3883 ac
2666 3839 2779 3884 ca-

579 3919 896 3986 lamistris
939 3921 1455 4002 declamator-iis,
1500 3923 1790 3988 concisis
1826 3925 1894 3985 et
1920 3918 2223 4003 abruptis
2251 3919 2623 3998 sententiis,
2653 3939 2781 4000 nec

581 4039 712 4085 non
763 4024 1138 4089 acuminum
1187 4023 1472 4108 argutiis
1515 4043 1709 4090 suam
1760 4043 1947 4109 saepc
1995 4027 2331 4088 coecasset
2373 4020 2780 4104 orationem3

580 4121 778 4186 rudes
805 4125 1237 4191 barbarorum
1266 4125 1667 4192 saeculorum
1694 4125 2025 4201 homincS,
2057 4141 2211 4208 quae
2242 4140 2368 4186 non
2400 4120 2780 4204 capiebant,

581 4224 1057 4307 interpolarunt
1074 4229 1393 4308 crebriu5‚
1411 4234 1484 4295 et
1500 4227 1862 4294 audacius:
1906 4223 2090 4312 quod
2116 4229 2184 4290 et
2206 4223 2463 4290 Valerii
2490 4223 2780 4291 Maximi
