3234 4909
510 345 598 412 28
1418 360 1516 410 nn
1565 359 1812 409 rnoao

599 505 879 590 Erycius
933 503 1281 568 Puteanus
1323 501 1396 567 in
1436 501 1871 580 Praefatione,
1905 520 2107 586 quam
2150 503 2292 568 suis
2338 501 2715 572 Insubricae

477 621 480 624 ’
515 609 845 676 Historiae
873 605 1064 671 libris
1093 606 1459 690 praemisit:
1521 609 1543 640 ‘
1574 603 1819 670 Florus
1850 605 2101 688 Populi
2131 603 2424 670 Romani
2450 606 2637 674 facta
2678 627 2723 673 a

517 711 812 780 Romulo
859 709 950 774 ad
978 707 1322 774 Caesarem
1353 705 1743 791 Augustum
1782 708 2225 793 pulcherrimo
2254 712 2323 772 et
2366 709 2571 773 simul
2600 709 2721 776 ab·

515 814 926 880 solutissimo
957 811 1347 878 Enchiridio
1377 812 1699 892 absolvit,
1740 831 1897 878 cum
1937 812 2169 897 aliquo
2204 809 2494 876 fortasse
2521 811 2722 878 molis

517 915 785 994 damno,
815 915 999 981 nullo
1027 915 1387 983 veritatis?

604 1018 967 1085 Baithasar
1021 1017 1416 1084 Bonifacius
1466 1019 1540 1084 in
1590 1017 1954 1104 Excerptis
1998 1018 2087 1083 de
2144 1017 2345 1084 Rom.
2392 1017 2724 1084 Historia

520 1120 995 1204 Scriptoribus,
1056 1140 1209 1204 cap.
1239 1121 1347 1186 17.
1433 1124 1456 1155 ‘
1486 1121 1724 1186 Florus
1772 1129 2013 1187 acutus
2072 1126 2183 1185 est
2229 1126 2297 1186 et
2346 1119 2724 1195 vehemens,

521 1223 864 1288 sententiis
919 1225 1411 1309 praeceptisque
1457 1225 1753 1310 undique
1812 1229 2111 1290 scatens:
2183 1223 2462 1307 elegans
2519 1221 2724 1300 idem,

520 1325 832 1405 disertus,
861 1345 1194 1405 amoenus,
1218 1334 1292 1390 et
1320 1346 1473 1392 vere
1515 1326 1839 1394 floridus?
1927 1328 2016 1393 Et
2043 1327 2250 1412 paulo
2274 1331 2465 1410 post:
2514 1327 2535 1358 ‘
2566 1323 2726 1388 Per-

523 1427 804 1512 spicuus
829 1435 938 1492 est
963 1448 1045 1493 ac
1072 1427 1410 1494 dilucidus
1442 1429 1708 1509 FloruS,
1732 1432 1791 1496 si
1821 1432 1977 1515 quis
2010 1431 2207 1509 aliuS,
2238 1428 2423 1514 quod
2454 1426 2543 1494 ad
2574 1425 2728 1510 ejus

521 1527 664 1593 fieri
714 1529 1008 1594 maxime
1061 1532 1306 1614 potuit,
1355 1553 1507 1597 cum
1558 1533 1695 1598 sibi
1743 1534 1951 1599 multa
1992 1533 2233 1618 paucis
2277 1530 2520 1616 verbis·
2546 1547 2731 1594 com-

522 1631 883 1714 plectenda
903 1631 1333 1715 proponeret?
1601 1714 1604 1717 ,

607 1731 986 1815 Christoph.
1033 1730 1282 1800 Adam.
1313 1732 1655 1820 Repertus
1695 1734 2283 1802 observationibus
2332 1733 2404 1798 in
2456 1731 2736 1814 Florum

525 1831 613 1897 ad
636 1831 904 1899 Praefat.
937 1835 993 1920 §-
1011 1835 1076 1900 1.
1106 1855 1259 1901 cum
1291 1836 1603 1919 quaedam
1632 1840 1911 1904 aliorum
1940 1838 2026 1904 de
2058 1837 2267 1903 Floro
2287 1835 2549 1920 judicia
2576 1853 2735 1918 pro·

523 1933 816 2012 tulisset,
862 1939 883 1970 ‘
915 1935 1100 2015 His:
1151 1938 1399 2022 inquit,
1449 1943 1472 1974 ‘
1497 1939 1748 2008 accedo
1804 1941 2029 2024 plane,
2074 1959 2200 2006 nee
2248 1937 2611 2023 quicquam
2666 1935 2734 2000 in

524 2035 822 2104 dictione
847 2037 1178 2120 desidero,
1207 2045 1524 2127 tanquam
1555 2047 1838 2110 venusta
1865 2049 1937 2108 et
1964 2043 2241 2126 elegans
2268 2058 2405 2105 non
2432 2038 2565 2117 sit3
2610 2035 2739 2102 sed

524 2139 594 2204 in
623 2140 864 2224 quavis
887 2141 1166 2210 historia
1192 2144 1420 2210 locum
1433 2145 1698 2224 habere,
1724 2143 1799 2210 id
1815 2165 1971 2211 vero
1998 2145 2261 2230 negabo
2286 2141 2492 2208 infra:
2547 2137 2739 2207 Idem

525 2241 646 2308 lib.
681 2259 730 2308 1.
780 2243 890 2310 10.
945 2244 1006 2328 §-
1034 2245 1098 2310 8.
1185 2250 1209 2282 ‘
1257 2245 1443 2312 Flori
1471 2246 1685 2312 dictio
1729 2245 2037 2312 Po'eticae
2064 2241 2502 2330 propiorssest,
2530 2241 2741 2306 immo

527 2361 702 2426 opus
745 2343 976 2427 ipsum
1019 2346 1141 2410 vix
1184 2347 1398 2424 alind,
1441 2365 1645 2428 quam
1684 2344 2101 2410 declamatio.
2186 2345 2372 2410 Infra
2415 2343 2741 2426 grandilo-

530 2445 876 2528 quantiam
927 2447 1132 2512 istam
1175 2447 1518 2512 subsidere
1565 2445 1768 2513 debet
1814 2445 2441 2512 commentariorum
2487 2441 2745 2526 simpli·

527 2545 717 2612 citas.
835 2546 931 2612 At
989 2554 1178 2613 tanto
1232 2548 1623 2614 excusatior
1667 2546 1936 2625 Florus,
1994 2546 2175 2631 quod
2233 2552 2401 2630 post
2440 2544 2743 2610 maxima

529 2646 816 2730 ingenia,
860 2650 1245 2733 Polybium,
1295 2649 1713 2726 Sallustium,
1762 2647 2055 2726 Livium,
2112 2647 2509 2732 Dionysium
2552 2644 2743 2732 (cum

531 2751 838 2816 omnibus
863 2752 1238 2835 exploratis
1260 2751 1344 2814 de
1375 2749 1799 2834 posteritatis
1814 2748 2076 2833 judicio
2098 2767 2370 2813 securus
2396 2745 2611 2830 esset)
2640 2765 2745 2812 res

537 2847 884 2917 Romanas
911 2853 1037 2918 hoc
1068 2857 1300 2918 omatu
1326 2850 1636 2918 vestivit-⁹

538 3045 719 3114 Hoec
751 3049 954 3115 Floro
983 3069 1026 3115 a
1055 3049 1414 3116 calumniis
1447 3047 1848 3115 vindicando
1886 3045 2181 3112 sufficere
2208 3051 2401 3132 putat
2430 3047 2743 3131 Begerus.

625 3149 702 3214 Si
729 3151 1078 3218 calumniae
1103 3171 1254 3218 reus
1281 3157 1394 3217 est
1420 3149 1759 3229 Gravius,
1774 3149 1959 3233 quod
1986 3149 2235 3233 stylum
2260 3149 2444 3216 Flori
2466 3151 2743 3236 carpsit,

625 3251 910 3338 ejusque
959 3272 1211 3320 errores
1239 3253 1571 3338 quosdam
1611 3252 1685 3317 in
1726 3252 2044 3318 Historia
2084 3253 2365 3331 notavit,
2413 3272 2549 3317 non
2576 3271 2746 3336 pos·

623 3359 778 3420 sunt
805 3354 1068 3424 absolvi
1087 3355 1391 3441 ejusdem
1419 3357 1718 3422 criminis
1743 3355 2051 3442 plerique
2080 3353 2233 3420 Viri
2268 3353 2743 3433 Eruditissimi,

626 3476 909 3541 quorum
937 3459 1144 3525 verba
1169 3457 1344 3524 infra
1373 3479 1640 3544 ponam.

625 3639 1050 3726 Augustinus
1067 3639 1151 3706 de
1181 3640 1387 3710 civ-it.
1425 3643 1584 3724 Dei,
1615 3659 1729 3712 ιιι.
1758 3645 1867 3712 19.
1921 3647 1943 3678 ‘
1974 3641 2289 3710 Secundo
2316 3645 2541 3708 autem
2566 3640 2747 3708 bello

541 3745 808 3814 Punico
863 3743 1062 3810 nimis
1118 3745 1391 3828 longum
1441 3752 1546 3813 est
1599 3763 2117 3814 commemorare
2172 3741 2401 3810 clades
2464 3743 2749 3810 duorum

540 3848 973 3934 Populorum‚
1001 3855 1141 3914 tam
1166 3849 1364 3931 longe
1392 3867 1621 3916 secum
1650 3849 1921 3932 lateque
1946 3836 2399 3931 pugnantium,
2426 3845 2523 3914 ita
2546 3843 2749 3910 uthis

543 3967 810 4036 quoque
835 3948 1222 4028 fatentibus,
1242 3951 1362 4035 qui
1387 3969 1522 4016 non
1543 3955 1685 4020 tam
1704 3967 1972 4014 narrare
1992 3947 2173 4014 bella
2199 3944 2533 4024 Romana,
2550 3962 2751 4029 quam

546 4047 924 4118 Romanum
977 4053 1327 4137 imperium
1383 4051 1657 4120 laudare
1722 4049 2173 4128 instituerunt,
2231 4047 2512 4114 similior
2568 4045 2750 4118 victo

543 4147 742 4216 suerit
767 4152 905 4234 ille,
933 4155 1056 4239 qui
1082 4154 1285 4224 vicit?
1342 4153 1509 4224 Vid.
1541 4153 1725 4222 Flor.
1758 4167 1839 4217 11.
1866 4151 1933 4220 6.
1960 4152 2029 4218 1.

631 4250 940 4336 Sigonius
987 4257 1060 4321 in
1084 4255 1131 4323 J
1132 4257 1363 4324 udicio
1391 4256 1476 4323 de
1505 4255 1837 4324 Romanae
1886 4252 2214 4320 Historiae
2246 4251 2745 4338 Scriptoribws:
