3234 4909
1321 372 1428 424 Αυ
1474 373 1893 424 mucronum
2564 359 2699 428 391

519 517 988 603 compilatores
1013 523 1393 597 centonum,
1424 537 1558 586 non
1584 517 1757 584 adeo
1784 517 2001 586 literis
2024 534 2265 585 censeo
2290 520 2599 586 nocuisse
2624 526 2700 588 ut

517 626 858 687 autumant
879 621 1201 687 nonnulli.
1259 619 1462 701 Quod
1487 620 1665 686 enim
1688 621 1790 686 ita
1814 619 2221 698 existimant,
2244 638 2367 687 eos
2394 620 2467 685 in
2492 631 2701 688 causa

515 721 748 802 fuisse,
777 743 898 791 cur
923 724 1093 808 ipsis
1119 722 1527 802 auctoribus,
1579 741 1753 807 quos
1798 722 2267 804 abbreviem-unt
2306 727 2379 787 et
2419 740 2699 807 excerp-

515 829 762 902 serunt,
791 843 1158 904 careamus,
1199 843 1324 908 ego
1363 826 1434 890 in
1479 821 1621 890 alia
1640 843 1795 892 sum
1822 823 2173 891 sententia.
2258 823 2363 890 Ea
2391 823 2701 890 secordia

517 924 646 990 fuit
669 925 932 992 illorum
966 933 1354 1011 temporum,
1383 927 1629 1013 quibus
1673 928 1945 994 barbari
1988 929 2323 994 literatum
2350 931 2419 992 et
2440 925 2701 992 Roma.-

510 1042 676 1089 vnum
691 1028 918 1094 orbem
933 1028 1254 1096 inundare
1279 1035 1665 1115 coeperunt,
1642 1050 1665 1070 ·
1698 1035 1799 1109 ut,
1818 1029 1949 1096 nisi
1976 1030 2353 1096 extitissent
2366 1027 2483 1112 qui
2501 1027 2701 1092 nobis

515 1124 642 1190 has
669 1132 984 1212 tanquam
1023 1147 1113 1195 cx
1156 1129 1510 1214 naufragio
1553 1131 1820 1197 tabulas
1866 1134 2235 1208 servarunt,
2284 1133 2536 1196 cet-mm
2584 1127 2697 1206 sit,

511 1226 675 1294 nihil
701 1246 978 1312 prorsus
999 1249 1092 1296 ex
1117 1231 1380 1298 illorum
1401 1232 1851 1298 monumentis
1896 1232 1986 1298 ad
2008 1249 2137 1298 nos
2160 1230 2377 1296 fuisse
2422 1247 2699 1314 perven-
2756 1230 2781 1252 ⁸

517 1325 752 1396 turum.
855 1330 1074 1418 Atqui
1127 1338 1408 1417 praestat
1458 1334 1612 1408 baec
1667 1333 2189 1419 qualiacumque
2245 1349 2375 1398 nos
2430 1331 2697 1406 habere,

511 1449 716 1515 quam
743 1433 931 1499 nihil.
1021 1432 1218 1498 Malo
1259 1442 1466 1514 certe,
1493 1433 1675 1519 quod
1724 1435 1814 1501 ad
1852 1453 1961 1498 me
2006 1433 2267 1513 attinet,
2300 1449 2420 1498 eos
2444 1433 2701 1518 majore

505 1534 620 1597 sui
661 1541 854 1615 parte
893 1549 1046 1600 esse
1087 1535 1487 1619 deperditos,
1513 1555 1719 1622 quam
1745 1537 1808 1602 si
1832 1535 1959 1601 toti
1984 1535 2287 1602 funditus
2328 1533 2698 1618 periissent.

513 1631 654 1712 Qui
669 1633 984 1719 reliquias
1003 1643 1390 1702 sanctorum
1407 1655 1764 1722 corporum
1781 1641 2278 1715 consectantur,
2297 1653 2381 1702 ac
2402 1634 2701 1701 studiose

507 1733 952 1819 religioseque
977 1755 1096 1802 eas
1122 1738 1482 1822 requirunt,
1505 1739 1683 1804 satis
1707 1739 1953 1806 habeut
2000 1738 2063 1804 si
2112 1738 2220 1804 vel
2240 1755 2375 1805 uno
2400 1737 2697 1804 ossiculo

507 1834 710 1918 potiri
738 1841 1010 1920 queant.
1097 1837 1446 1904 Beatiores
1471 1845 1651 1904 certe
1680 1857 1757 1905 se
1788 1839 2189 1925 judicarent,
2219 1839 2282 1905 si
2308 1845 2529 1906 totum
2557 1859 2701 1906 cor-

507 1936 933 2019 pus,aliunde
956 1940 1258 2006 nancisci
1271 1933 1584 2023 'possem
1674 1941 1833 2008 Hoc
1858 1961 2017 2008 cum
2052 1959 2187 2006 non
2212 1941 2441 2018 liceat,
2464 1941 2699 2007 saltem

383 2075 386 2078 -
507 2056 614 2116 eo,
645 2037 830 2122 quod
856 2039 1036 2118 licet,
1085 2040 1388 2106 contenti
1435 2047 1608 2106 sunt.
1698 2042 1811 2107 lta
1850 2061 2009 2124 ergo
2042 2061 2169 2108 nos
2220 2041 2499 2108 affectos
2544 2049 2697 2108 esso

509 2143 774 2221 oportet
799 2159 958 2223 erga
981 2139 1136 2206 illas
1163 2147 1454 2206 veterum
1477 2141 1801 2226 reliquias
1828 2143 2255 2226 scriptorum,
2299 2160 2457 2226 qum
2500 2142 2699 2207 nobis

509 2247 987 2321 remanserunt,
1027 2245 1437 2327 gratiamque
1483 2241 1623 2307 illis
1667 2240 1935 2321 babere,
1964 2243 2097 2308 nisi
2125 2241 2415 2308 maxime
2462 2239 2701 2325 ingrati

504 2339 794 2408 velimus
817 2363 994 2423 esse,
1034 2365 1154 2429 per
1179 2363 1356 2430 quos
1399 2363 1500 2410 eae
1539 2343 1675 2408 hoc
1702 2342 2151 2429 qualicunque
2196 2341 2393 2408 modo
2441 2340 2531 2406 ad
2574 2339 2700 2408 'nos

506 2441 718 2508 salvae
767 2443 952 2509 fuere
999 2445 1435 2512 transmissae.
1524 2444 1687 2511 Hoc
1740 2449 1959 2512 autem
2014 2443 2316 2528 Ampelii
2365 2441 2558 2528 Opus
2606 2429 2737 2507 ex‘

503 2561 734 2608 corum
759 2563 996 2628 genere
1043 2554 1174 2624 est,
1201 2566 1356 2630 quse
1385 2565 1432 2612 a
1455 2543 1795 2631 plerisque
1837 2549 1981 2610 tum
2016 2545 2326 2609 solebant
2363 2541 2699 2610 conscribi

507 2648 580 2708 et
599 2645 736 2712 edi.
827 2647 988 2714 Non
1017 2647 1330 2732 Epitome
1369 2652 1496 2726 est,
1537 2665 1677 2713 non
1699 2645 2138 2729 frag-mentum
2163 2643 2487 2728 longioris
2516 2642 2699 2726 Ope·

505 2747 623 2828 ris,
651 2748 772 2813 sed
792 2749 998 2815 veluti
1021 2749 1506 2816 collectaneum
1531 2765 1747 2814 rerum
1776 2751 1921 2812 toto
1943 2743 2124 2812 Orbe
2151 2743 2697 2822 memorabilium,

505 2867 600 2913 ex
628 2851 834 2916 variis
863 2850 1248 2917 auctoribus
1275 2851 1606 2918 brevitate
1636 2868 1921 2928 summa,
1944 2847 2069 2914 sed
2095 2846 2369 2932 qualem
2388 2846 2460 2912 in
2487 2845 2701 2911 omni-

503 2953 630 3018 bus
657 2973 740 3019 ea
764 2960 1070 3038 tempora.
1095 2954 1512 3038 expetebant,
1539 2951 1999 3037 compilatum.
2064 2945 2521 3014 Memorialem
2542 2966 2698 3012 eum

505 3071 584 3117 se
607 3053 849 3119 librum
895 3057 1250 3140 scripsisse
1275 3055 1342 3119 in
1369 3053 1608 3138 paucis
1652 3053 1785 3116 illis
1813 3050 2059 3130 verbis,
2086 3067 2243 3136 quae
2275 3048 2429 3114 vice
2456 3046 2697 3131 praefa-

502 3155 818 3221 fiunculae
845 3157 1162 3240 praefixit,
1190 3157 1564 3241 profitetur.
1654 3153 1852 3234 Quos
1893 3153 2103 3219 libros
2154 3147 2581 3219 Memoriales
2616 3167 2699 3214 ea

503 3261 682 3322 aetas
711 3258 1071 3337 vocaverit,
1119 3277 1254 3323 non
1302 3259 1468 3324 latet
1509 3256 1691 3324 viros
1719 3256 1957 3322 doctos
1987 3253 2105 3340 qui
2151 3251 2403 3318 versati
2445 3254 2605 3316 sunt
2625 3251 2699 3315 in

505 3359 956 3424 monumentis
981 3359 1170 3424 illius
1195 3361 1347 3426 aevi.
1435 3357 1600 3424 Non
1629 3356 1943 3423 dissimili
1980 3357 2195 3440 genio,
2224 3352 2359 3418 etsi
2387 3351 2699 3418 dissimili

503 3465 924 3542 argumento,
953 3463 1246 3545 scriptus
1265 3461 1603 3526 Theodori
1624 3457 1861 3524 Manlii
1886 3457 2056 3522 liber
2083 3455 2167 3521 de
2194 3475 2413 3521 rerum
2439 3459 2699 3532 natura,

505 3562 864 3646 causisque
885 3563 1318 3643 naturalibus,
1350 3563 1435 3628 de
1463 3563 1695 3642 astris,
1744 3568 1819 3627 et
1864 3559 2017 3626 aliis
2050 3555 2409 3643 ejusmodi,
2436 3557 2555 3641 qui
2581 3555 2699 3620 ad-

499 3664 632 3730 huc
677 3666 752 3730 in
797 3663 1236 3730 Bibliothecis
1284 3670 1500 3744 extat,
1535 3683 1741 3730 manu
1790 3664 2102 3726 exaratus
2130 3663 2199 3723 et
2238 3656 2539 3742 pedestri
2564 3673 2703 3720 ser-

501 3785 710 3832 moue·
721 3767 1024 3851 composi
1031 3772 1161 3833 tus.
1250 3766 1326 3832 Is
1362 3771 1468 3832 est
1513 3763 1905 3838 Theodorus
1954 3758 2274 3838 Manlius,
2312 3756 2513 3842 cujus
2541 3774 2700 3820 con·

501 3869 800 3934 sulatum
827 3868 1186 3934 celebravit
1213 3867 1507 3934 carmine
1536 3865 1977 3943 Claudianus,
2026 3867 2107 3926 ut
2132 3865 2201 3925 et
2226 3877 2405 3943 opus
2451 3858 2696 3941 ipsum.

503 3967 674 4034 Inde
701 3972 1129 4036 occasionem
1161 3970 1442 4054 arripuit
1464 3969 1570 4034 vir
1591 3966 1871 4053 quidam
1898 3961 2365 4036 doctissimus,
2392 3955 2699 4022 transcri-

499 4070 660 4136 bere
687 4071 856 4138 illud
883 4071 1192 4152 Manilio,
1219 4072 1364 4138 sive
1393 4069 1693 4136 Manlius
1743 4067 1857 4144 sit,
1902 4065 2105 4149 cnjus
2130 4059 2337 4127 hodie
2368 4058 2701 4125 Astrono-

503 4173 722 4239 micon
747 4173 1092 4255 habemus,
1120 4180 1200 4242 ut
1226 4173 1410 4239 idem
1437 4173 1530 4238 sit
1569 4168 1871 4236 Manlius
1917 4165 2031 4230 ille
2059 4159 2437 4228 Claudiano
2466 4159 2701 4228 lauda-
