3234 4909
1341 418 1836 470 τιιετιιιοΝιΑ.
2616 399 2707 465 27

499 573 568 634 et
595 551 880 632 Lucium
909 553 1210 630 Anneum
1238 561 1492 628 Melam
1519 562 1753 628 stati-es
1780 561 2009 628 fuisse.
2099 559 2193 627 At
2221 559 2535 628 Marcum
2565 559 2703 626 An-

498 683 716 734 neum·
739 665 1081 731 Lucanum
1121 663 1390 748 poetam
1421 665 1616 728 Lucii
1661 663 1888 728 Annei
1934 663 2146 729 Melae
2192 663 2424 740 filium,
2456 683 2538 728 ac
2583 682 2705 746 per

496 771 624 836 hoc
655 771 935 834 aliorum
977 765 1258 832 duorum
1301 772 1643 849 nepotem.
1682 815 1685 820 -
1736 767 1917 850 Ergo
1941 766 2251 850 quisnam
2293 767 2521 830 horum
2550 765 2704 830 libri

499 871 646 956 ejus
691 876 924 935 auctor
977 867 1088 944 sit,
1133 887 1222 932 an
1253 867 1504 932 Lucius
1529 866 1811 932 Anneus
1840 868 2104 932 Seneca
2146 887 2237 932 an
2284 867 2537 932 Lucius
2564 866 2701 931 An-

495 993 656 1040 neus
687 971 954 1050 Melas,'
972 971 1298 1034 incertum
1329 969 1490 1034 facit
1537 971 1987 1036 communitas
2031 971 2365 1035 nominum
2411 969 2611 1035 Lucii
2636 974 2704 1034 et

494 1070 729 1139 Annei.
815 1071 998 1138 Nam
1025 1071 1214 1136 Flori
1239 1091 1369 1174 non
1395 1078 1501 1136 est
1529 1071 1625 1139 ibi
1652 1073 1921 1137 mentio.

495 1307 676 1373 Haec
737 1305 819 1371 de
886 1305 1086 1370 Floro
1138 1305 1404 1390 judicia
1458 1307 1851 1391 legebantur
1918 1307 1985 1371 in
2045 1306 2222 1372 Edit.
2280 1301 2700 1370 Amsteloda-

575 1410 813 1487 mensi,
840 1415 911 1473 et
937 1407 1341 1491 quibusdam
1369 1409 1945 1493 praecedentibus3
1989 1408 2232 1494 quibus
2262 1405 2553 1489 Begerus
2597 1425 2701 1472 se-

581 1511 850 1596 quentia
879 1508 1161 1575 addidit.

578 1681 951 1748 Salmasius
1007 1681 1096 1746 ad
1143 1681 1485 1766 Spartiani
1533 1681 1959 1750 Hadrianum
2012 1699 2167 1764 cap.
2212 1678 2322 1744 16.
2407 1681 2429 1712 ‘
2462 1677 2701 1742 Florus

492 1783 1056 1866 elegantissimum
1109 1783 1273 1849 illud
1335 1784 1670 1852 Historiae
1726 1783 2056 1851 Romanae
2118 1779 2531 1848 Breviarium
2576 1779 2701 1844 im-

494 1889 768 1968 perante
797 1882 1146 1950 Hadriano
1174 1884 1427 1950 edidit!

577 1987 750 2054 Phil.
799 1987 1168 2052 Beroaldus
1215 1990 1288 2052 in
1333 1988 1576 2055 Literis
1622 1989 1709 2056 ad
1748 1989 2028 2054 Petrum
2060 1983 2349 2051 Mariam
2381 1975 2701 2049 Rubeum

492 2087 696 2154 Floro
752 2090 1162 2174 praemissis:
1253 2093 1275 2124 ‘
1332 2089 1644 2174 Legendo
1702 2109 2086 2173 pernoscaS,
2138 2107 2300 2172 quae
2352 2085 2701 2150 Romanus

489 2191 785 2273 populus
827 2189 1010 2254 domi
1059 2190 1361 2273 forisque
1409 2211 1527 2273 per
1575 2194 1675 2255 tot
1724 2208 1939 2254 annos
1989 2189 2167 2254 bella
2210 2185 2527 2268 gesserit:
2584 2202 2701 2270 per

492 2308 664 2373 quos
685 2291 897 2368 viroS,
926 2291 1300 2374 quibusque
1323 2291 1584 2356 artibus
1600 2291 1951 2374 imperium
1970 2289 2322 2375 pepererit,
2346 2294 2412 2353 et
2439 2291 2701 2370 partum

493 2393 780 2470 auxerit,
821 2398 891 2455 et
919 2395 1184 2456 auctum
1218 2391 1304 2456 ad
1357 2410 1684 2456 summum
1727 2391 2069 2475 fastigium
2120 2391 2396 2455 suismet
2442 2387 2699 2454 viribus

489 2493 818 2571 everterit,
847 2497 916 2556 et
943 2510 1250 2557 eversum
1293 2512 1417 2574 per
1446 2488 1831 2573 Augustum
1874 2492 2143 2556 tandem
2174 2491 2509 2557 Caesarem
2540 2491 2701 2554 sub·

489 2593 714 2658 limius
741 2593 1052 2656 erexerit.
1113 2591 1288 2667 Quae
1320 2593 1540 2653 omnia
1561 2591 1644 2652 L.
1676 2591 1919 2652 Florus
1950 2598 2236 2672 quatuor
2265 2592 2460 2672 quasi
2488 2593 2703 2673 epito-

490 2695 696 2758 matis
723 2693 820 2757 ita
845 2691 1012 2755 scite
1051 2689 1335 2770 colleg-it,
1368 2689 1466 2752 ita
1508 2689 1853 2753 enucleate
1896 2688 2234 2769 distinxit,
2263 2691 2363 2754 ita
2410 2690 2705 2754 breviter

489 2794 847 2871 enarravit,
876 2797 954 2856 ut
982 2797 1232 2856 cuncta
1273 2795 1582 2874 tanquam
1627 2792 1695 2854 in
1722 2789 1967 2855 illustri
1996 2791 2227 2874 posita
2272 2797 2701 2855 monumento

489 2896 756 2975 intueri,
801 2899 870 2959 et
914 2891 1466 2976 comprehendere
1514 2890 1836 2956 facillime
1884 2912 2015 2976 que
2208 2893 2525 2958 Disertus
2574 2899 2699 2973 est,

489 2997 872 3076 vehemens,
903 2995 1284 3074 distinctus,
1312 2995 1559 3074 varius,
1588 2994 1841 3073 breviS,
1872 3014 2041 3060 conc
2067 3015 2260 3075 nnuS,
2292 3015 2446 3091 cum
2474 2996 2699 3079 splen·-

491 3100 652 3164 dore
681 3119 763 3164 ac
780 3099 935 3163 luce
963 3095 1357 3162 verborum?

577 3199 957 3283 christoph·
1005 3195 1296 3262 Colerus
1333 3197 1403 3262 in
1447 3196 1761 3283 Epistola
1788 3199 1874 3264 de
1914 3199 2140 3266 studio
2181 3201 2515 3267 Politico.
2564 3203 2697 3267 ‘L.

491 3301 734 3368 Annaei
764 3299 951 3365 Flori
979 3296 1460 3383 compendium
1486 3317 1705 3363 rerum
1744 3299 2195 3365 Romanarum
2220 3302 2462 3384 magis»,
2492 3321 2695 3387 quam

492 3403 906 3471 Breviarium
933 3399 1135 3466 Livii.
1222 3399 1554 3464 Tabulam
1588 3399 1761 3464 enim
1788 3401 2047 3466 dixeris
2072 3399 2250 3466 haud
2284 3403 2595 3482 absurde,
2626 3405 2699 3468 in

492 3523 626 3589 qua
667 3505 892 3587 imago
935 3503 1143 3566 totius
1171 3501 1556 3585 reipublicae
1587 3500 1915 3567 Romauae
1945 3522 2290 3587 expressa.
2382 3503 2541 3588 Ipse
2566 3504 2697 3571 hoc

486 3623 728 3672 nomen
753 3603 1006 3669 tribuit.
1092 3599 1331 3667 Nihilo
1364 3621 1470 3667 me
1492 3603 1753 3668 hercule
1788 3603 2216 3688 injucundius
2256 3605 2697 3672 tersissimum

487 3705 677 3774 illum
717 3705 1018 3771 libellum
1059 3705 1273 3789 legam
1320 3724 1524 3791 quam
1568 3703 1831 3790 Apellis
1874 3705 2140 3772 tabulas
2186 3706 2499 3800 intueare.
2586 3706 2697 3793 Ita

491 3809 928 3894 compositus,
960 3811 1061 3874 ita
1087 3807 1358 3891 elegans
1392 3816 1525 3875 est.
1613 3807 1833 3873 Miror
1847 3808 2205 3893 judicium,
2230 3808 2415 3893 quod
2442 3806 2694 3890 ubique

490 3930 648 3977 cum
703 3911 1073 4000 subtilitate
1129 3914 1200 3976 et
1251 3909 1588 3978 brevitate
1622 3911 2086 3976 sententiarum
2122 3911 2191 3974 in
2240 3917 2427 3975 tanto
2472 3925 2695 3974 rerum

492 4029 733 4079 acervo
761 4019 832 4079 et
859 4012 1176 4078 varietate
1203 4011 1460 4078 inserit.
1461 4010 1480 4038 ⁹
1534 4011 1582 4076 J
1585 4011 1695 4076 oh
1725 4008 1984 4075 Ludov.
2011 4010 2225 4077 Vives
2255 4009 2339 4074 de
2363 4007 2696 4076 Tradeud.

497 4111 854 4198 Disciplin.
875 4113 989 4178 lib.
1025 4129 1092 4178 v,
1134 4111 1550 4178 ‘Habemus
1581 4111 1767 4177 Flori
1798 4111 2223 4195 opusculum
2264 4109 2351 4173 de
2376 4107 2699 4180 Romana

495 4209 792 4292 historia,
839 4233 978 4300 quo
1005 4213 1174 4280 nihil
1195 4217 1424 4302 potest
1451 4213 1659 4298 fingi
1639 4233 1709 4281 ιιι
1736 4213 1854 4279 illo
1885 4227 2119 4298 genere
2144 4209 2259 4280 vel
2288 4214 2557 4283 acutius
2581 4214 2691 4281 vel

491 4309 830 4402 lepidius.⁸
