<?xml version="1.0" encoding="UTF-8"?>
<!DOCTYPE html PUBLIC "-//W3C//DTD XHTML 1.0 Transitional//EN"
    "http://www.w3.org/TR/xhtml1/DTD/xhtml1-transitional.dtd">
<html xmlns="http://www.w3.org/1999/xhtml" xml:lang="en" lang="en">
 <head>
  <title>
</title>
<meta http-equiv="Content-Type" content="text/html;charset=utf-8" />
  <meta name='ocr-system' content='tesseract 3.04.00' />
  <meta name='ocr-capabilities' content='ocr_page ocr_carea ocr_par ocr_line ocrx_word'/>
</head>
<body>
  <div class='ocr_page' id='page_1' title='image "./lannaeifloriepi00unkngoog/lannaeifloriepi00unkngoog_0017.png"; bbox 0 0 3234 4909; ppageno 0'>
   <div class='ocr_carea' id='block_1_1' title="bbox 1131 396 2714 485">
    <p class='ocr_par' dir='ltr' id='par_1_1' title="bbox 1131 396 2714 485">
     <span class='ocr_line' id='line_1_1' title="bbox 1131 396 2714 485; baseline 0.001 -3"><span class='ocrx_word' id='word_1_1' title='bbox 1131 435 1188 482; x_wconf 74' lang='lat' dir='ltr'><strong>s.</strong></span> <span class='ocrx_word' id='word_1_2' title='bbox 1235 433 1304 482; x_wconf 80' lang='lat' dir='ltr'><strong>e.</strong></span> <span class='ocrx_word' id='word_1_3' title='bbox 1351 431 1701 482; x_wconf 68' lang='lat' dir='ltr'><strong>camvws</strong></span> <span class='ocrx_word' id='word_1_4' title='bbox 1750 396 2097 485; x_wconf 65' lang='lat' dir='ltr'><strong>merom.</strong></span> <span class='ocrx_word' id='word_1_5' title='bbox 2668 421 2714 484; x_wconf 80' lang='lat'>9</span> 
     </span>
    </p>
   </div>
   <div class='ocr_carea' id='block_1_2' title="bbox 504 591 2783 4314">
    <p class='ocr_par' dir='ltr' id='par_1_2' title="bbox 504 591 2783 4314">
     <span class='ocr_line' id='line_1_2' title="bbox 504 591 2715 678; baseline 0.001 -20"><span class='ocrx_word' id='word_1_6' title='bbox 504 594 715 658; x_wconf 83' lang='lat' dir='ltr'><strong>fatum</strong></span> <span class='ocrx_word' id='word_1_7' title='bbox 742 591 886 671; x_wconf 80' lang='lat' dir='ltr'><strong>fuit,</strong></span> <span class='ocrx_word' id='word_1_8' title='bbox 915 593 1032 676; x_wconf 87' lang='lat' dir='ltr'><strong>qui</strong></span> <span class='ocrx_word' id='word_1_9' title='bbox 1063 593 1326 658; x_wconf 87' lang='lat' dir='ltr'><strong>laborat</strong></span> <span class='ocrx_word' id='word_1_10' title='bbox 1347 613 1616 678; x_wconf 87' lang='lat' dir='ltr'><strong>quoque</strong></span> <span class='ocrx_word' id='word_1_11' title='bbox 1644 601 1715 658; x_wconf 85' lang='lat' dir='ltr'><strong>et</strong></span> <span class='ocrx_word' id='word_1_12' title='bbox 1746 595 1873 672; x_wconf 87' lang='lat' dir='ltr'><strong>sui,</strong></span> <span class='ocrx_word' id='word_1_13' title='bbox 1901 601 1968 660; x_wconf 87' lang='lat' dir='ltr'><strong>et</strong></span> <span class='ocrx_word' id='word_1_14' title='bbox 1995 593 2411 678; x_wconf 83' lang='lat' dir='ltr'><strong>sequentium</strong></span> <span class='ocrx_word' id='word_1_15' title='bbox 2434 595 2715 662; x_wconf 77' lang='lat' dir='ltr'><strong>saeculo-</strong></span> 
     </span>
     <span class='ocr_line' id='line_1_3' title="bbox 509 692 2715 782; baseline 0.002 -24"><span class='ocrx_word' id='word_1_16' title='bbox 509 713 653 758; x_wconf 88' lang='lat' dir='ltr'><strong>rum</strong></span> <span class='ocrx_word' id='word_1_17' title='bbox 681 693 879 760; x_wconf 85' lang='lat' dir='ltr'><strong>vitiis.</strong></span> <span class='ocrx_word' id='word_1_18' title='bbox 970 692 1250 763; x_wconf 81' lang='lat' dir='ltr'><strong>Diffiten·</strong></span> <span class='ocrx_word' id='word_1_19' title='bbox 1273 711 1468 759; x_wconf 88' lang='lat' dir='ltr'><strong>nemo</strong></span> <span class='ocrx_word' id='word_1_20' title='bbox 1502 701 1756 779; x_wconf 76' lang='lat' dir='ltr'><strong>potest,</strong></span> <span class='ocrx_word' id='word_1_21' title='bbox 1778 695 1896 779; x_wconf 84' lang='lat' dir='ltr'><strong>qui</strong></span> <span class='ocrx_word' id='word_1_22' title='bbox 1927 695 2195 782; x_wconf 74' lang='lat' dir='ltr'><strong>quidem</strong></span> <span class='ocrx_word' id='word_1_23' title='bbox 2222 696 2292 760; x_wconf 87' lang='lat' dir='ltr'><strong>in</strong></span> <span class='ocrx_word' id='word_1_24' title='bbox 2316 695 2715 762; x_wconf 85' lang='lat' dir='ltr'><strong>idoneorum</strong></span> 
     </span>
     <span class='ocr_line' id='line_1_4' title="bbox 513 793 2716 881; baseline 0 -21"><span class='ocrx_word' id='word_1_25' title='bbox 513 793 776 862; x_wconf 78' lang='lat' dir='ltr'><strong>Latinae</strong></span> <span class='ocrx_word' id='word_1_26' title='bbox 823 795 1069 879; x_wconf 74' lang='lat' dir='ltr'><strong>linguae</strong></span> <span class='ocrx_word' id='word_1_27' title='bbox 1116 802 1488 874; x_wconf 87' lang='lat' dir='ltr'><strong>auctorum,</strong></span> <span class='ocrx_word' id='word_1_28' title='bbox 1536 797 1655 881; x_wconf 90' lang='lat' dir='ltr'><strong>qui</strong></span> <span class='ocrx_word' id='word_1_29' title='bbox 1701 796 1989 861; x_wconf 90' lang='lat' dir='ltr'><strong>noudum</strong></span> <span class='ocrx_word' id='word_1_30' title='bbox 2047 817 2089 861; x_wconf 85' lang='lat' dir='ltr'><strong>a</strong></span> <span class='ocrx_word' id='word_1_31' title='bbox 2150 795 2716 862; x_wconf 79' lang='lat' dir='ltr'><strong>declamatoribus</strong></span> 
     </span>
     <span class='ocr_line' id='line_1_5' title="bbox 509 897 2717 981; baseline 0.001 -20"><span class='ocrx_word' id='word_1_32' title='bbox 509 903 688 960; x_wconf 85' lang='lat' dir='ltr'><strong>erant</strong></span> <span class='ocrx_word' id='word_1_33' title='bbox 715 899 1040 981; x_wconf 80' lang='lat' dir='ltr'>corrupti,</span> <span class='ocrx_word' id='word_1_34' title='bbox 1072 897 1363 962; x_wconf 82' lang='lat' dir='ltr'><strong>lectione</strong></span> <span class='ocrx_word' id='word_1_35' title='bbox 1393 903 1700 963; x_wconf 85' lang='lat' dir='ltr'><strong>versatus</strong></span> <span class='ocrx_word' id='word_1_36' title='bbox 1732 905 1858 976; x_wconf 88' lang='lat' dir='ltr'><strong>est,</strong></span> <span class='ocrx_word' id='word_1_37' title='bbox 1891 905 1962 962; x_wconf 85' lang='lat' dir='ltr'><strong>et</strong></span> <span class='ocrx_word' id='word_1_38' title='bbox 1990 917 2213 963; x_wconf 83' lang='lat' dir='ltr'><strong>veram</strong></span> <span class='ocrx_word' id='word_1_39' title='bbox 2242 897 2508 962; x_wconf 87' lang='lat' dir='ltr'><strong>dicendi</strong></span> <span class='ocrx_word' id='word_1_40' title='bbox 2538 899 2717 964; x_wconf 78' lang='lat' dir='ltr'><strong>viam</strong></span> 
     </span>
     <span class='ocr_line' id='line_1_6' title="bbox 507 997 2718 1084; baseline 0.001 -23"><span class='ocrx_word' id='word_1_41' title='bbox 507 1001 706 1078; x_wconf 78' lang='lat' dir='ltr'><strong>tenet,</strong></span> <span class='ocrx_word' id='word_1_42' title='bbox 737 997 951 1064; x_wconf 75' lang='lat' dir='ltr'><strong>multa</strong></span> <span class='ocrx_word' id='word_1_43' title='bbox 977 1000 1046 1062; x_wconf 91' lang='lat' dir='ltr'><strong>in</strong></span> <span class='ocrx_word' id='word_1_44' title='bbox 1095 997 1301 1065; x_wconf 85' lang='lat' dir='ltr'><strong>Floro</strong></span> <span class='ocrx_word' id='word_1_45' title='bbox 1331 1001 1587 1084; x_wconf 85' lang='lat' dir='ltr'><strong>passim</strong></span> <span class='ocrx_word' id='word_1_46' title='bbox 1619 1017 1988 1078; x_wconf 86' lang='lat' dir='ltr'><strong>occurrere,</strong></span> <span class='ocrx_word' id='word_1_47' title='bbox 2035 1019 2187 1084; x_wconf 79' lang='lat' dir='ltr'><strong>quae</strong></span> <span class='ocrx_word' id='word_1_48' title='bbox 2216 999 2483 1064; x_wconf 87' lang='lat' dir='ltr'><strong>minime</strong></span> <span class='ocrx_word' id='word_1_49' title='bbox 2508 999 2718 1064; x_wconf 87' lang='lat' dir='ltr'><strong>ferent</strong></span> 
     </span>
     <span class='ocr_line' id='line_1_7' title="bbox 505 1099 2717 1185; baseline 0.001 -23"><span class='ocrx_word' id='word_1_50' title='bbox 505 1117 704 1163; x_wconf 79' lang='lat' dir='ltr'><strong>aures</strong></span> <span class='ocrx_word' id='word_1_51' title='bbox 736 1105 977 1165; x_wconf 85' lang='lat' dir='ltr'><strong>teretes</strong></span> <span class='ocrx_word' id='word_1_52' title='bbox 1027 1106 1093 1166; x_wconf 91' lang='lat' dir='ltr'><strong>et</strong></span> <span class='ocrx_word' id='word_1_53' title='bbox 1134 1099 1511 1184; x_wconf 81' lang='lat' dir='ltr'><strong>religiosae3</strong></span> <span class='ocrx_word' id='word_1_54' title='bbox 1556 1107 1625 1167; x_wconf 88' lang='lat' dir='ltr'><strong>et</strong></span> <span class='ocrx_word' id='word_1_55' title='bbox 1674 1108 1813 1168; x_wconf 86' lang='lat' dir='ltr'><strong>tam</strong></span> <span class='ocrx_word' id='word_1_56' title='bbox 1858 1102 1929 1166; x_wconf 87' lang='lat' dir='ltr'><strong>in</strong></span> <span class='ocrx_word' id='word_1_57' title='bbox 1982 1101 2348 1178; x_wconf 75' lang='lat' dir='ltr'><strong>sententiiS,</strong></span> <span class='ocrx_word' id='word_1_58' title='bbox 2401 1119 2599 1185; x_wconf 82' lang='lat' dir='ltr'><strong>quam</strong></span> <span class='ocrx_word' id='word_1_59' title='bbox 2644 1101 2717 1164; x_wconf 88' lang='lat' dir='ltr'><strong>in</strong></span> 
     </span>
     <span class='ocr_line' id='line_1_8' title="bbox 505 1199 2715 1290; baseline 0.001 -26"><span class='ocrx_word' id='word_1_60' title='bbox 505 1199 731 1264; x_wconf 72' lang='lat' dir='ltr'><strong>Verbis</strong></span> <span class='ocrx_word' id='word_1_61' title='bbox 757 1217 908 1265; x_wconf 77' lang='lat' dir='ltr'><strong>esse</strong></span> <span class='ocrx_word' id='word_1_62' title='bbox 935 1202 1147 1266; x_wconf 74' lang='lat' dir='ltr'><strong>multa</strong></span> <span class='ocrx_word' id='word_1_63' title='bbox 1177 1199 1495 1281; x_wconf 75' lang='grc' dir='ltr'><strong>κακόζηλα,</strong></span> <span class='ocrx_word' id='word_1_64' title='bbox 1521 1203 1781 1281; x_wconf 75' lang='lat' dir='ltr'><strong>insana,</strong></span> <span class='ocrx_word' id='word_1_65' title='bbox 1810 1199 2169 1290; x_wconf 70' lang='grc' dir='ltr'><strong>μειρακιώδη.</strong></span> <span class='ocrx_word' id='word_1_66' title='bbox 2258 1199 2715 1284; x_wconf 79' lang='lat' dir='ltr'><strong>Reprehendi-</strong></span> 
     </span>
     <span class='ocr_line' id='line_1_9' title="bbox 506 1301 2715 1387; baseline 0.002 -24"><span class='ocrx_word' id='word_1_67' title='bbox 506 1303 613 1364; x_wconf 88' lang='lat' dir='ltr'><strong>tur</strong></span> <span class='ocrx_word' id='word_1_68' title='bbox 638 1319 683 1365; x_wconf 86' lang='lat' dir='ltr'><strong>a</strong></span> <span class='ocrx_word' id='word_1_69' title='bbox 711 1301 954 1366; x_wconf 82' lang='lat' dir='ltr'><strong>Marco</strong></span> <span class='ocrx_word' id='word_1_70' title='bbox 983 1303 1264 1381; x_wconf 84' lang='lat' dir='ltr'><strong>Seneca,</strong></span> <span class='ocrx_word' id='word_1_71' title='bbox 1297 1303 1690 1387; x_wconf 86' lang='lat' dir='ltr'><strong>Philosophi</strong></span> <span class='ocrx_word' id='word_1_72' title='bbox 1722 1303 1948 1383; x_wconf 87' lang='lat' dir='ltr'><strong>Patre,</strong></span> <span class='ocrx_word' id='word_1_73' title='bbox 1982 1303 2185 1368; x_wconf 84' lang='lat' dir='ltr'><strong>Musa</strong></span> <span class='ocrx_word' id='word_1_74' title='bbox 2216 1301 2489 1380; x_wconf 87' lang='lat' dir='ltr'><strong>Rhetor‚</strong></span> <span class='ocrx_word' id='word_1_75' title='bbox 2532 1303 2715 1386; x_wconf 87' lang='lat' dir='ltr'><strong>quod</strong></span> 
     </span>
     <span class='ocr_line' id='line_1_10' title="bbox 505 1400 2717 1488; baseline 0.001 -23"><span class='ocrx_word' id='word_1_76' title='bbox 505 1400 590 1466; x_wconf 90' lang='lat' dir='ltr'><strong>de</strong></span> <span class='ocrx_word' id='word_1_77' title='bbox 619 1402 1014 1486; x_wconf 84' lang='lat' dir='ltr'><strong>siphonibus</strong></span> <span class='ocrx_word' id='word_1_78' title='bbox 1044 1409 1115 1468; x_wconf 88' lang='lat' dir='ltr'><strong>et</strong></span> <span class='ocrx_word' id='word_1_79' title='bbox 1145 1407 1504 1488; x_wconf 78' lang='lat' dir='ltr'><strong>sparsione</strong></span> <span class='ocrx_word' id='word_1_80' title='bbox 1533 1406 1817 1472; x_wconf 83' lang='lat' dir='ltr'><strong>dixerit:</strong></span> <span class='ocrx_word' id='word_1_81' title='bbox 1864 1411 1885 1440; x_wconf 79' lang='lat'>⁸</span> <span class='ocrx_word' id='word_1_82' title='bbox 1910 1405 2110 1471; x_wconf 85' lang='lat' dir='ltr'><strong>Coelo</strong></span> <span class='ocrx_word' id='word_1_83' title='bbox 2137 1405 2447 1488; x_wconf 88' lang='lat' dir='ltr'><strong>repluunt</strong></span> <span class='ocrx_word' id='word_1_84' title='bbox 2474 1404 2717 1468; x_wconf 80' lang='lat' dir='ltr'><strong>imbres</strong></span> 
     </span>
     <span class='ocr_line' id='line_1_11' title="bbox 509 1501 2717 1591; baseline 0.001 -25"><span class='ocrx_word' id='word_1_85' title='bbox 509 1501 830 1568; x_wconf 84' lang='lat' dir='ltr'><strong>odoratos</strong></span> <span class='ocrx_word' id='word_1_86' title='bbox 847 1503 886 1567; x_wconf 75' lang='grc' dir='ltr'><strong>ε’</strong></span> <span class='ocrx_word' id='word_1_87' title='bbox 931 1509 998 1569; x_wconf 91' lang='lat' dir='ltr'><strong>et</strong></span> <span class='ocrx_word' id='word_1_88' title='bbox 1040 1503 1124 1568; x_wconf 91' lang='lat' dir='ltr'><strong>de</strong></span> <span class='ocrx_word' id='word_1_89' title='bbox 1169 1504 1409 1570; x_wconf 78' lang='lat' dir='ltr'><strong>subitis</strong></span> <span class='ocrx_word' id='word_1_90' title='bbox 1453 1505 1820 1571; x_wconf 86' lang='lat' dir='ltr'><strong>mortibus:</strong></span> <span class='ocrx_word' id='word_1_91' title='bbox 1866 1511 1886 1541; x_wconf 91' lang='lat'><em>‘</em></span> <span class='ocrx_word' id='word_1_92' title='bbox 1916 1505 2261 1591; x_wconf 82' lang='lat' dir='ltr'><strong>Quicquid</strong></span> <span class='ocrx_word' id='word_1_93' title='bbox 2294 1505 2521 1570; x_wconf 84' lang='lat' dir='ltr'><strong>avium</strong></span> <span class='ocrx_word' id='word_1_94' title='bbox 2549 1505 2717 1570; x_wconf 82' lang='lat' dir='ltr'><strong>voli-</strong></span> 
     </span>
     <span class='ocr_line' id='line_1_12' title="bbox 507 1604 2717 1692; baseline 0.002 -25"><span class='ocrx_word' id='word_1_95' title='bbox 507 1608 631 1681; x_wconf 87' lang='lat' dir='ltr'><strong>tat,</strong></span> <span class='ocrx_word' id='word_1_96' title='bbox 660 1604 985 1689; x_wconf 86' lang='lat' dir='ltr'><strong>quicquid</strong></span> <span class='ocrx_word' id='word_1_97' title='bbox 1014 1605 1302 1689; x_wconf 90' lang='lat' dir='ltr'><strong>piscium</strong></span> <span class='ocrx_word' id='word_1_98' title='bbox 1330 1614 1549 1686; x_wconf 83' lang='lat' dir='ltr'><strong>natat,</strong></span> <span class='ocrx_word' id='word_1_99' title='bbox 1580 1607 1903 1692; x_wconf 87' lang='lat' dir='ltr'><strong>quicquid</strong></span> <span class='ocrx_word' id='word_1_100' title='bbox 1932 1607 2219 1672; x_wconf 84' lang='lat' dir='ltr'><strong>ferarum</strong></span> <span class='ocrx_word' id='word_1_101' title='bbox 2248 1606 2583 1685; x_wconf 85' lang='lat' dir='ltr'><strong>discurrit,</strong></span> <span class='ocrx_word' id='word_1_102' title='bbox 2614 1627 2717 1672; x_wconf 79' lang='lat' dir='ltr'><strong>se-</strong></span> 
     </span>
     <span class='ocr_line' id='line_1_13' title="bbox 507 1703 2719 1786; baseline 0.002 -18"><span class='ocrx_word' id='word_1_103' title='bbox 507 1703 754 1786; x_wconf 89' lang='lat' dir='ltr'><strong>pelitur</strong></span> <span class='ocrx_word' id='word_1_104' title='bbox 781 1705 1146 1772; x_wconf 72' lang='lat' dir='ltr'><strong>vermibus.</strong></span> <span class='ocrx_word' id='word_1_105' title='bbox 1223 1706 1470 1786; x_wconf 82' lang='lat' dir='ltr'><strong>Quaere</strong></span> <span class='ocrx_word' id='word_1_106' title='bbox 1499 1727 1673 1773; x_wconf 89' lang='lat' dir='ltr'><strong>nunc</strong></span> <span class='ocrx_word' id='word_1_107' title='bbox 1700 1727 1817 1774; x_wconf 84' lang='lat' dir='ltr'><strong>cur</strong></span> <span class='ocrx_word' id='word_1_108' title='bbox 1834 1708 2059 1774; x_wconf 87' lang='lat' dir='ltr'><strong>subito</strong></span> <span class='ocrx_word' id='word_1_109' title='bbox 2086 1708 2471 1773; x_wconf 87' lang='lat' dir='ltr'><strong>moriantur.</strong></span> <span class='ocrx_word' id='word_1_110' title='bbox 2536 1706 2719 1772; x_wconf 87' lang='lat' dir='ltr'><strong>Mor-</strong></span> 
     </span>
     <span class='ocr_line' id='line_1_14' title="bbox 509 1805 2716 1896; baseline 0.002 -27"><span class='ocrx_word' id='word_1_111' title='bbox 509 1805 696 1870; x_wconf 85' lang='lat' dir='ltr'><strong>tibus</strong></span> <span class='ocrx_word' id='word_1_112' title='bbox 724 1807 1058 1875; x_wconf 81' lang='lat' dir='ltr'><strong>vivimus.&#39;</strong></span> <span class='ocrx_word' id='word_1_113' title='bbox 1145 1806 1528 1890; x_wconf 75' lang='lat' dir='ltr'><strong>castigatur</strong></span> <span class='ocrx_word' id='word_1_114' title='bbox 1572 1827 1614 1872; x_wconf 92' lang='lat' dir='ltr'><strong>a</strong></span> <span class='ocrx_word' id='word_1_115' title='bbox 1665 1808 1999 1896; x_wconf 79' lang='lat' dir='ltr'><strong>Dionysio</strong></span> <span class='ocrx_word' id='word_1_116' title='bbox 2048 1807 2351 1891; x_wconf 80' lang='lat' dir='ltr'><strong>Longino</strong></span> <span class='ocrx_word' id='word_1_117' title='bbox 2404 1808 2716 1892; x_wconf 76' lang='lat' dir='ltr'><strong>Gorgias,</strong></span> 
     </span>
     <span class='ocr_line' id='line_1_15' title="bbox 511 1904 2719 1998; baseline 0.002 -28"><span class='ocrx_word' id='word_1_118' title='bbox 511 1904 695 1988; x_wconf 88' lang='lat' dir='ltr'><strong>quod</strong></span> <span class='ocrx_word' id='word_1_119' title='bbox 726 1906 1026 1972; x_wconf 84' lang='lat' dir='ltr'><strong>vultures</strong></span> <span class='ocrx_word' id='word_1_120' title='bbox 1055 1907 1305 1974; x_wconf 83' lang='lat' dir='ltr'><strong>dixerit</strong></span> <span class='ocrx_word' id='word_1_121' title='bbox 1352 1912 1374 1942; x_wconf 84' lang='lat'><em>‘</em></span> <span class='ocrx_word' id='word_1_122' title='bbox 1405 1908 1563 1973; x_wconf 83' lang='lat' dir='ltr'><strong>viva</strong></span> <span class='ocrx_word' id='word_1_123' title='bbox 1594 1909 1953 1993; x_wconf 62' lang='lat' dir='ltr'><strong>sepulcra!</strong></span> <span class='ocrx_word' id='word_1_124' title='bbox 2004 1987 2019 1998; x_wconf 34' lang='lat'><em>⁶</em></span> <span class='ocrx_word' id='word_1_125' title='bbox 2040 1908 2226 1974; x_wconf 87' lang='lat' dir='ltr'><strong>Num</strong></span> <span class='ocrx_word' id='word_1_126' title='bbox 2255 1910 2522 1974; x_wconf 85' lang='lat' dir='ltr'><strong>saniora</strong></span> <span class='ocrx_word' id='word_1_127' title='bbox 2560 1915 2719 1974; x_wconf 86' lang='lat' dir='ltr'><strong>sunt</strong></span> 
     </span>
     <span class='ocr_line' id='line_1_16' title="bbox 509 2007 2783 2096; baseline 0 -26"><span class='ocrx_word' id='word_1_128' title='bbox 509 2025 660 2090; x_wconf 76' lang='lat' dir='ltr'><strong>quae</strong></span> <span class='ocrx_word' id='word_1_129' title='bbox 707 2007 952 2074; x_wconf 86' lang='lat' dir='ltr'><strong>Florus</strong></span> <span class='ocrx_word' id='word_1_130' title='bbox 992 2009 1112 2074; x_wconf 84' lang='lat' dir='ltr'><strong>lib.</strong></span> <span class='ocrx_word' id='word_1_131' title='bbox 1145 2027 1196 2075; x_wconf 86' lang='lat'><strong>1.</strong></span> <span class='ocrx_word' id='word_1_132' title='bbox 1227 2009 1332 2074; x_wconf 77' lang='lat'><strong>13.</strong></span> <span class='ocrx_word' id='word_1_133' title='bbox 1374 2008 1460 2074; x_wconf 90' lang='lat' dir='ltr'><strong>de</strong></span> <span class='ocrx_word' id='word_1_134' title='bbox 1487 2010 1737 2089; x_wconf 81' lang='lat' dir='ltr'><strong>Gallis,</strong></span> <span class='ocrx_word' id='word_1_135' title='bbox 1778 2011 1899 2096; x_wconf 88' lang='lat' dir='ltr'><strong>qui</strong></span> <span class='ocrx_word' id='word_1_136' title='bbox 1946 2010 2238 2077; x_wconf 84' lang='lat' dir='ltr'><strong>Romam</strong></span> <span class='ocrx_word' id='word_1_137' title='bbox 2266 2010 2715 2089; x_wconf 82' lang='lat' dir='ltr'><strong>incenderant,</strong></span> <span class='ocrx_word' id='word_1_138' title='bbox 2778 2067 2783 2070; x_wconf 84' lang='lat'>.</span> 
     </span>
     <span class='ocr_line' id='line_1_17' title="bbox 507 2108 2719 2196; baseline 0.001 -25"><span class='ocrx_word' id='word_1_139' title='bbox 507 2108 765 2188; x_wconf 82' lang='lat' dir='ltr'><strong>scribit,</strong></span> <span class='ocrx_word' id='word_1_140' title='bbox 795 2109 950 2175; x_wconf 88' lang='lat' dir='ltr'><strong>illos</strong></span> <span class='ocrx_word' id='word_1_141' title='bbox 977 2111 1202 2176; x_wconf 86' lang='lat' dir='ltr'><strong>subito</strong></span> <span class='ocrx_word' id='word_1_142' title='bbox 1229 2109 1594 2176; x_wconf 85' lang='lat' dir='ltr'><strong>Camillum</strong></span> <span class='ocrx_word' id='word_1_143' title='bbox 1626 2131 1669 2178; x_wconf 86' lang='lat' dir='ltr'><strong>a</strong></span> <span class='ocrx_word' id='word_1_144' title='bbox 1696 2117 1882 2195; x_wconf 85' lang='lat' dir='ltr'><strong>tergo</strong></span> <span class='ocrx_word' id='word_1_145' title='bbox 1920 2128 2305 2196; x_wconf 80' lang='lat' dir='ltr'><strong>aggressum</strong></span> <span class='ocrx_word' id='word_1_146' title='bbox 2330 2110 2501 2176; x_wconf 87' lang='lat' dir='ltr'><strong>adeo</strong></span> <span class='ocrx_word' id='word_1_147' title='bbox 2540 2111 2719 2176; x_wconf 87' lang='lat' dir='ltr'><strong>ceci·</strong></span> 
     </span>
     <span class='ocr_line' id='line_1_18' title="bbox 509 2207 2718 2294; baseline 0.001 -22"><span class='ocrx_word' id='word_1_148' title='bbox 509 2207 722 2288; x_wconf 83' lang='lat' dir='ltr'><strong>disse,</strong></span> <span class='ocrx_word' id='word_1_149' title='bbox 767 2215 789 2245; x_wconf 83' lang='lat'>‘</span> <span class='ocrx_word' id='word_1_150' title='bbox 807 2219 886 2276; x_wconf 89' lang='lat' dir='ltr'><strong>ut</strong></span> <span class='ocrx_word' id='word_1_151' title='bbox 913 2212 1141 2276; x_wconf 84' lang='lat' dir='ltr'><strong>omnia</strong></span> <span class='ocrx_word' id='word_1_152' title='bbox 1165 2210 1625 2276; x_wconf 85' lang='lat' dir='ltr'><strong>incendiorum</strong></span> <span class='ocrx_word' id='word_1_153' title='bbox 1653 2211 1943 2294; x_wconf 80' lang='lat' dir='ltr'><strong>vestigia</strong></span> <span class='ocrx_word' id='word_1_154' title='bbox 1958 2210 2213 2275; x_wconf 77' lang='lat' dir='ltr'><strong>Gallici</strong></span> <span class='ocrx_word' id='word_1_155' title='bbox 2246 2210 2589 2292; x_wconf 78' lang='lat' dir='ltr'><strong>sanguinis</strong></span> <span class='ocrx_word' id='word_1_156' title='bbox 2616 2210 2718 2274; x_wconf 85' lang='lat' dir='ltr'><strong>in-</strong></span> 
     </span>
     <span class='ocr_line' id='line_1_19' title="bbox 511 2307 2719 2394; baseline 0 -22"><span class='ocrx_word' id='word_1_157' title='bbox 511 2308 868 2375; x_wconf 79' lang='lat' dir='ltr'><strong>undatione</strong></span> <span class='ocrx_word' id='word_1_158' title='bbox 911 2309 1165 2374; x_wconf 86' lang='lat' dir='ltr'><strong>deleret</strong></span> <span class='ocrx_word' id='word_1_159' title='bbox 1183 2308 1236 2372; x_wconf 73' lang='lat' dir='ltr'><strong>‘t’</strong></span> <span class='ocrx_word' id='word_1_160' title='bbox 1325 2307 1506 2373; x_wconf 77' lang='lat' dir='ltr'><strong>Nec·</strong></span> <span class='ocrx_word' id='word_1_161' title='bbox 1529 2309 1828 2374; x_wconf 87' lang='lat' dir='ltr'><strong>melioris</strong></span> <span class='ocrx_word' id='word_1_162' title='bbox 1875 2315 2055 2375; x_wconf 80' lang='lat' dir='ltr'><strong>notae</strong></span> <span class='ocrx_word' id='word_1_163' title='bbox 2098 2316 2257 2374; x_wconf 85' lang='lat' dir='ltr'><strong>sunt</strong></span> <span class='ocrx_word' id='word_1_164' title='bbox 2298 2327 2449 2394; x_wconf 74' lang='lat' dir='ltr'><strong>quse</strong></span> <span class='ocrx_word' id='word_1_165' title='bbox 2488 2310 2600 2375; x_wconf 83' lang='lat' dir='ltr'><strong>lib.</strong></span> <span class='ocrx_word' id='word_1_166' title='bbox 2634 2325 2719 2374; x_wconf 92' lang='grc' dir='ltr'><strong>ιι.</strong></span> 
     </span>
     <span class='ocr_line' id='line_1_20' title="bbox 508 2409 2718 2496; baseline 0.003 -22"><span class='ocrx_word' id='word_1_167' title='bbox 508 2409 616 2475; x_wconf 84' lang='grc'><strong>17.</strong></span> <span class='ocrx_word' id='word_1_168' title='bbox 647 2409 730 2474; x_wconf 89' lang='lat' dir='ltr'><strong>de</strong></span> <span class='ocrx_word' id='word_1_169' title='bbox 748 2409 1035 2476; x_wconf 85' lang='lat' dir='ltr'><strong>Decimo</strong></span> <span class='ocrx_word' id='word_1_170' title='bbox 1059 2411 1272 2476; x_wconf 86' lang='lat' dir='ltr'><strong>Bruto</strong></span> <span class='ocrx_word' id='word_1_171' title='bbox 1287 2409 1620 2493; x_wconf 83' lang='lat' dir='ltr'><strong>prodidit:</strong></span> <span class='ocrx_word' id='word_1_172' title='bbox 1668 2415 1691 2446; x_wconf 89' lang='lat'>‘</span> <span class='ocrx_word' id='word_1_173' title='bbox 1710 2417 2199 2496; x_wconf 80' lang='lat' dir='ltr'><strong>peragratoque</strong></span> <span class='ocrx_word' id='word_1_174' title='bbox 2220 2413 2433 2478; x_wconf 83' lang='lat' dir='ltr'><strong>victor</strong></span> <span class='ocrx_word' id='word_1_175' title='bbox 2460 2411 2718 2481; x_wconf 84' lang='lat' dir='ltr'><strong>Oceani</strong></span> 
     </span>
     <span class='ocr_line' id='line_1_21' title="bbox 507 2511 2719 2597; baseline 0.003 -21"><span class='ocrx_word' id='word_1_176' title='bbox 507 2511 755 2591; x_wconf 88' lang='lat' dir='ltr'><strong>littore,</strong></span> <span class='ocrx_word' id='word_1_177' title='bbox 797 2513 1148 2596; x_wconf 76' lang='lat' dir='ltr'><strong>neuprius</strong></span> <span class='ocrx_word' id='word_1_178' title='bbox 1177 2511 1371 2596; x_wconf 81' lang='lat' dir='ltr'><strong>signa</strong></span> <span class='ocrx_word' id='word_1_179' title='bbox 1399 2511 1753 2593; x_wconf 85' lang='lat' dir='ltr'><strong>convertit,</strong></span> <span class='ocrx_word' id='word_1_180' title='bbox 1784 2531 1985 2597; x_wconf 85' lang='lat' dir='ltr'><strong>quam</strong></span> <span class='ocrx_word' id='word_1_181' title='bbox 2012 2512 2365 2578; x_wconf 83' lang='lat' dir='ltr'><strong>cadentem</strong></span> <span class='ocrx_word' id='word_1_182' title='bbox 2408 2513 2477 2578; x_wconf 90' lang='lat' dir='ltr'><strong>in</strong></span> <span class='ocrx_word' id='word_1_183' title='bbox 2505 2515 2719 2582; x_wconf 85' lang='lat' dir='ltr'><strong>maria</strong></span> 
     </span>
     <span class='ocr_line' id='line_1_22' title="bbox 511 2611 2721 2698; baseline 0.002 -22"><span class='ocrx_word' id='word_1_184' title='bbox 511 2613 745 2692; x_wconf 85' lang='lat' dir='ltr'><strong>solem,</strong></span> <span class='ocrx_word' id='word_1_185' title='bbox 773 2615 1216 2694; x_wconf 85' lang='lat' dir='ltr'><strong>obrutumque</strong></span> <span class='ocrx_word' id='word_1_186' title='bbox 1247 2613 1449 2694; x_wconf 84' lang='lat' dir='ltr'><strong>aquis</strong></span> <span class='ocrx_word' id='word_1_187' title='bbox 1473 2611 1693 2694; x_wconf 78' lang='lat' dir='ltr'><strong>ignem</strong></span> <span class='ocrx_word' id='word_1_188' title='bbox 1720 2632 1860 2677; x_wconf 82' lang='lat' dir='ltr'><strong>non</strong></span> <span class='ocrx_word' id='word_1_189' title='bbox 1888 2614 2031 2678; x_wconf 86' lang='lat' dir='ltr'><strong>sine</strong></span> <span class='ocrx_word' id='word_1_190' title='bbox 2059 2613 2351 2697; x_wconf 86' lang='lat' dir='ltr'><strong>quodam</strong></span> <span class='ocrx_word' id='word_1_191' title='bbox 2384 2616 2721 2698; x_wconf 75' lang='lat' dir='ltr'><strong>sacrilegii</strong></span> 
     </span>
     <span class='ocr_line' id='line_1_23' title="bbox 511 2710 2721 2795; baseline 0.003 -19"><span class='ocrx_word' id='word_1_192' title='bbox 511 2717 694 2776; x_wconf 84' lang='lat' dir='ltr'><strong>metu</strong></span> <span class='ocrx_word' id='word_1_193' title='bbox 747 2719 818 2778; x_wconf 91' lang='lat' dir='ltr'><strong>et</strong></span> <span class='ocrx_word' id='word_1_194' title='bbox 859 2713 1132 2776; x_wconf 88' lang='lat' dir='ltr'><strong>horrore</strong></span> <span class='ocrx_word' id='word_1_195' title='bbox 1187 2710 1623 2795; x_wconf 86' lang='lat' dir='ltr'><strong>deprehendit</strong></span> <span class='ocrx_word' id='word_1_196' title='bbox 1637 2711 1681 2794; x_wconf 84' lang='lat'><strong>3’</strong></span> <span class='ocrx_word' id='word_1_197' title='bbox 1726 2711 1907 2795; x_wconf 85' lang='lat' dir='ltr'><strong>quod</strong></span> <span class='ocrx_word' id='word_1_198' title='bbox 1948 2711 2202 2776; x_wconf 85' lang='lat' dir='ltr'><strong>dudum</strong></span> <span class='ocrx_word' id='word_1_199' title='bbox 2228 2712 2469 2777; x_wconf 84' lang='lat' dir='ltr'><strong>merito</strong></span> <span class='ocrx_word' id='word_1_200' title='bbox 2510 2713 2721 2782; x_wconf 85' lang='lat' dir='ltr'><strong>divini</strong></span> 
     </span>
     <span class='ocr_line' id='line_1_24' title="bbox 513 2809 2717 2896; baseline 0.003 -20"><span class='ocrx_word' id='word_1_201' title='bbox 513 2811 844 2896; x_wconf 84' lang='lat' dir='ltr'><strong>Scaligeri</strong></span> <span class='ocrx_word' id='word_1_202' title='bbox 873 2809 1093 2876; x_wconf 86' lang='lat' dir='ltr'><strong>obelis</strong></span> <span class='ocrx_word' id='word_1_203' title='bbox 1118 2814 1221 2875; x_wconf 87' lang='lat' dir='ltr'><strong>est</strong></span> <span class='ocrx_word' id='word_1_204' title='bbox 1249 2809 1654 2880; x_wconf 83' lang='lat' dir='ltr'><strong>confossum.</strong></span> <span class='ocrx_word' id='word_1_205' title='bbox 1741 2811 1831 2876; x_wconf 86' lang='lat' dir='ltr'><strong>Et</strong></span> <span class='ocrx_word' id='word_1_206' title='bbox 1858 2811 1977 2876; x_wconf 91' lang='lat' dir='ltr'><strong>lib.</strong></span> <span class='ocrx_word' id='word_1_207' title='bbox 2008 2827 2110 2877; x_wconf 76' lang='lat' dir='ltr'><strong>tv,</strong></span> <span class='ocrx_word' id='word_1_208' title='bbox 2127 2812 2191 2876; x_wconf 83' lang='lat'><strong>2.</strong></span> <span class='ocrx_word' id='word_1_209' title='bbox 2222 2809 2311 2876; x_wconf 89' lang='lat' dir='ltr'><strong>de</strong></span> <span class='ocrx_word' id='word_1_210' title='bbox 2338 2810 2717 2896; x_wconf 81' lang='lat' dir='ltr'><strong>ingentibus</strong></span> 
     </span>
     <span class='ocr_line' id='line_1_25' title="bbox 511 2911 2717 2998; baseline 0.002 -20"><span class='ocrx_word' id='word_1_211' title='bbox 511 2914 800 2980; x_wconf 84' lang='lat' dir='ltr'><strong>navibus</strong></span> <span class='ocrx_word' id='word_1_212' title='bbox 818 2911 1126 2978; x_wconf 83' lang='lat' dir='ltr'><strong>Antonii:</strong></span> <span class='ocrx_word' id='word_1_213' title='bbox 1166 2915 1189 2946; x_wconf 88' lang='lat'>‘</span> <span class='ocrx_word' id='word_1_214' title='bbox 1209 2929 1342 2977; x_wconf 86' lang='lat' dir='ltr'><strong>non</strong></span> <span class='ocrx_word' id='word_1_215' title='bbox 1361 2911 1510 2976; x_wconf 87' lang='lat' dir='ltr'><strong>sine</strong></span> <span class='ocrx_word' id='word_1_216' title='bbox 1523 2913 1769 2998; x_wconf 79' lang='lat' dir='ltr'><strong>gemitu</strong></span> <span class='ocrx_word' id='word_1_217' title='bbox 1792 2912 2018 2990; x_wconf 85' lang='lat' dir='ltr'><strong>maris,</strong></span> <span class='ocrx_word' id='word_1_218' title='bbox 2042 2917 2111 2978; x_wconf 87' lang='lat' dir='ltr'><strong>et</strong></span> <span class='ocrx_word' id='word_1_219' title='bbox 2127 2912 2355 2978; x_wconf 87' lang='lat' dir='ltr'><strong>labore</strong></span> <span class='ocrx_word' id='word_1_220' title='bbox 2372 2919 2717 2982; x_wconf 85' lang='lat' dir='ltr'><strong>ventorum</strong></span> 
     </span>
     <span class='ocr_line' id='line_1_26' title="bbox 511 3010 2717 3084; baseline 0.002 -6"><span class='ocrx_word' id='word_1_221' title='bbox 511 3012 920 3080; x_wconf 67' lang='lat' dir='ltr'><strong>tenebantui-,⁹</strong></span> <span class='ocrx_word' id='word_1_222' title='bbox 1007 3011 1164 3078; x_wconf 87' lang='lat' dir='ltr'><strong>Nec</strong></span> <span class='ocrx_word' id='word_1_223' title='bbox 1190 3031 1327 3076; x_wconf 88' lang='lat' dir='ltr'><strong>non</strong></span> <span class='ocrx_word' id='word_1_224' title='bbox 1364 3010 1484 3076; x_wconf 89' lang='lat' dir='ltr'><strong>lib.</strong></span> <span class='ocrx_word' id='word_1_225' title='bbox 1517 3027 1598 3076; x_wconf 87' lang='grc' dir='ltr'><strong>ιι.</strong></span> <span class='ocrx_word' id='word_1_226' title='bbox 1626 3013 1694 3078; x_wconf 89' lang='grc'><strong>6.</strong></span> <span class='ocrx_word' id='word_1_227' title='bbox 1744 3030 1902 3078; x_wconf 88' lang='lat' dir='ltr'><strong>cum</strong></span> <span class='ocrx_word' id='word_1_228' title='bbox 1950 3011 2242 3079; x_wconf 79' lang='lat' dir='ltr'><strong>dixisset</strong></span> <span class='ocrx_word' id='word_1_229' title='bbox 2286 3017 2717 3084; x_wconf 81' lang='lat' dir='ltr'><strong>commissam</strong></span> 
     </span>
     <span class='ocr_line' id='line_1_27' title="bbox 514 3109 2718 3198; baseline 0.001 -17"><span class='ocrx_word' id='word_1_230' title='bbox 514 3115 725 3181; x_wconf 84' lang='lat' dir='ltr'><strong>aciem</strong></span> <span class='ocrx_word' id='word_1_231' title='bbox 755 3119 1052 3179; x_wconf 88' lang='lat' dir='ltr'><strong>secutum</strong></span> <span class='ocrx_word' id='word_1_232' title='bbox 1079 3113 1409 3197; x_wconf 81' lang='lat' dir='ltr'><strong>ingentem</strong></span> <span class='ocrx_word' id='word_1_233' title='bbox 1449 3119 1802 3178; x_wconf 80' lang='lat' dir='ltr'><strong>tremorem</strong></span> <span class='ocrx_word' id='word_1_234' title='bbox 1850 3109 2064 3192; x_wconf 66' lang='lat' dir='ltr'><strong>terrai,</strong></span> <span class='ocrx_word' id='word_1_235' title='bbox 2086 3114 2539 3198; x_wconf 77' lang='lat' dir='ltr'><strong>putidissime.</strong></span> <span class='ocrx_word' id='word_1_236' title='bbox 2568 3125 2718 3186; x_wconf 82' lang='lat' dir='ltr'><strong>sunt</strong></span> 
     </span>
     <span class='ocr_line' id='line_1_28' title="bbox 515 3213 2717 3301; baseline 0.002 -22"><span class='ocrx_word' id='word_1_237' title='bbox 515 3233 668 3300; x_wconf 86' lang='lat' dir='ltr'><strong>quae</strong></span> <span class='ocrx_word' id='word_1_238' title='bbox 707 3214 932 3281; x_wconf 89' lang='lat' dir='ltr'><strong>addit:</strong></span> <span class='ocrx_word' id='word_1_239' title='bbox 980 3221 1001 3250; x_wconf 88' lang='lat'>‘</span> <span class='ocrx_word' id='word_1_240' title='bbox 1025 3215 1156 3281; x_wconf 88' lang='lat' dir='ltr'><strong>nisi</strong></span> <span class='ocrx_word' id='word_1_241' title='bbox 1199 3214 1392 3279; x_wconf 87' lang='lat' dir='ltr'><strong>illum</strong></span> <span class='ocrx_word' id='word_1_242' title='bbox 1435 3213 1769 3283; x_wconf 80' lang='lat' dir='ltr'><strong>horrorem</strong></span> <span class='ocrx_word' id='word_1_243' title='bbox 1814 3214 1946 3280; x_wconf 83' lang='lat' dir='ltr'><strong>soli</strong></span> <span class='ocrx_word' id='word_1_244' title='bbox 1972 3215 2267 3298; x_wconf 87' lang='lat' dir='ltr'><strong>equitum</strong></span> <span class='ocrx_word' id='word_1_245' title='bbox 2292 3217 2717 3301; x_wconf 75' lang='lat' dir='ltr'><strong>virorumque</strong></span> 
     </span>
     <span class='ocr_line' id='line_1_29' title="bbox 514 3314 2716 3394; baseline 0.001 -13"><span class='ocrx_word' id='word_1_246' title='bbox 514 3318 886 3394; x_wconf 84' lang='lat' dir='ltr'><strong>discursus,</strong></span> <span class='ocrx_word' id='word_1_247' title='bbox 915 3320 984 3380; x_wconf 90' lang='lat' dir='ltr'><strong>et</strong></span> <span class='ocrx_word' id='word_1_248' title='bbox 1007 3321 1194 3382; x_wconf 80' lang='lat' dir='ltr'><strong>mota</strong></span> <span class='ocrx_word' id='word_1_249' title='bbox 1221 3314 1667 3380; x_wconf 84' lang='lat' dir='ltr'><strong>vehementius</strong></span> <span class='ocrx_word' id='word_1_250' title='bbox 1714 3333 1897 3380; x_wconf 85' lang='lat' dir='ltr'><strong>arma</strong></span> <span class='ocrx_word' id='word_1_251' title='bbox 1942 3314 2284 3380; x_wconf 67' lang='lat' dir='ltr'><strong>fecerunt?</strong></span> <span class='ocrx_word' id='word_1_252' title='bbox 2370 3315 2551 3383; x_wconf 80' lang='lat' dir='ltr'><strong>Haec</strong></span> <span class='ocrx_word' id='word_1_253' title='bbox 2580 3337 2716 3384; x_wconf 82' lang='lat' dir='ltr'><strong>non</strong></span> 
     </span>
     <span class='ocr_line' id='line_1_30' title="bbox 518 3417 2716 3496; baseline 0.002 -14"><span class='ocrx_word' id='word_1_254' title='bbox 518 3417 719 3483; x_wconf 89' lang='lat' dir='ltr'><strong>modo</strong></span> <span class='ocrx_word' id='word_1_255' title='bbox 769 3424 958 3483; x_wconf 81' lang='lat' dir='ltr'><strong>extra</strong></span> <span class='ocrx_word' id='word_1_256' title='bbox 1005 3417 1383 3496; x_wconf 82' lang='lat' dir='ltr'><strong>sanitatem,</strong></span> <span class='ocrx_word' id='word_1_257' title='bbox 1431 3417 1554 3482; x_wconf 87' lang='lat' dir='ltr'><strong>sed</strong></span> <span class='ocrx_word' id='word_1_258' title='bbox 1599 3421 1792 3483; x_wconf 81' lang='lat' dir='ltr'><strong>extra</strong></span> <span class='ocrx_word' id='word_1_259' title='bbox 1838 3419 2135 3482; x_wconf 85' lang='lat' dir='ltr'><strong>naturam</strong></span> <span class='ocrx_word' id='word_1_260' title='bbox 2174 3420 2353 3494; x_wconf 85' lang='lat' dir='ltr'><strong>sunt,</strong></span> <span class='ocrx_word' id='word_1_261' title='bbox 2387 3424 2465 3481; x_wconf 88' lang='lat' dir='ltr'><strong>ut</strong></span> <span class='ocrx_word' id='word_1_262' title='bbox 2490 3420 2716 3486; x_wconf 75' lang='lat' dir='ltr'><strong>verbis</strong></span> 
     </span>
     <span class='ocr_line' id='line_1_31' title="bbox 517 3515 2714 3600; baseline 0.003 -19"><span class='ocrx_word' id='word_1_263' title='bbox 517 3525 670 3584; x_wconf 83' lang='lat' dir='ltr'><strong>utar</strong></span> <span class='ocrx_word' id='word_1_264' title='bbox 713 3518 1011 3582; x_wconf 80' lang='lat' dir='ltr'><strong>Senecae.</strong></span> <span class='ocrx_word' id='word_1_265' title='bbox 1127 3516 1583 3582; x_wconf 81' lang='lat' dir='ltr'><strong>Romanorum</strong></span> <span class='ocrx_word' id='word_1_266' title='bbox 1632 3515 1917 3595; x_wconf 83' lang='lat' dir='ltr'><strong>scilicet,</strong></span> <span class='ocrx_word' id='word_1_267' title='bbox 1966 3535 2099 3582; x_wconf 88' lang='lat' dir='ltr'><strong>non</strong></span> <span class='ocrx_word' id='word_1_268' title='bbox 2152 3517 2335 3593; x_wconf 78' lang='lat' dir='ltr'><strong>orbis</strong></span> <span class='ocrx_word' id='word_1_269' title='bbox 2378 3523 2714 3600; x_wconf 84' lang='lat' dir='ltr'><strong>terrarum,</strong></span> 
     </span>
     <span class='ocr_line' id='line_1_32' title="bbox 516 3616 2715 3702; baseline 0 -17"><span class='ocrx_word' id='word_1_270' title='bbox 516 3620 636 3685; x_wconf 83' lang='lat' dir='ltr'><strong>sed</strong></span> <span class='ocrx_word' id='word_1_271' title='bbox 663 3620 959 3684; x_wconf 85' lang='lat' dir='ltr'><strong>universi</strong></span> <span class='ocrx_word' id='word_1_272' title='bbox 985 3618 1423 3697; x_wconf 89' lang='lat' dir='ltr'><strong>dominorum,</strong></span> <span class='ocrx_word' id='word_1_273' title='bbox 1449 3618 1887 3702; x_wconf 78' lang='lat' dir='ltr'><strong>magnitudini</strong></span> <span class='ocrx_word' id='word_1_274' title='bbox 1912 3616 2139 3684; x_wconf 80' lang='lat' dir='ltr'><strong>omnia</strong></span> <span class='ocrx_word' id='word_1_275' title='bbox 2162 3619 2507 3687; x_wconf 85' lang='lat' dir='ltr'><strong>cedebant.</strong></span> <span class='ocrx_word' id='word_1_276' title='bbox 2552 3621 2715 3686; x_wconf 85' lang='lat' dir='ltr'><strong>Om-</strong></span> 
     </span>
     <span class='ocr_line' id='line_1_33' title="bbox 515 3719 2715 3804; baseline -0 -18"><span class='ocrx_word' id='word_1_277' title='bbox 515 3723 630 3786; x_wconf 86' lang='lat' dir='ltr'><strong>nia</strong></span> <span class='ocrx_word' id='word_1_278' title='bbox 653 3720 758 3786; x_wconf 90' lang='lat' dir='ltr'><strong>illi</strong></span> <span class='ocrx_word' id='word_1_279' title='bbox 786 3724 1116 3804; x_wconf 75' lang='lat' dir='ltr'><strong>poterant,</strong></span> <span class='ocrx_word' id='word_1_280' title='bbox 1160 3719 1556 3786; x_wconf 85' lang='lat' dir='ltr'><strong>dimicantes</strong></span> <span class='ocrx_word' id='word_1_281' title='bbox 1597 3727 1834 3802; x_wconf 87' lang='lat' dir='ltr'><strong>terram</strong></span> <span class='ocrx_word' id='word_1_282' title='bbox 1863 3724 2154 3799; x_wconf 84' lang='lat' dir='ltr'><strong>movent,</strong></span> <span class='ocrx_word' id='word_1_283' title='bbox 2183 3720 2575 3804; x_wconf 77' lang='lat' dir='ltr'><strong>navigantes</strong></span> <span class='ocrx_word' id='word_1_284' title='bbox 2600 3739 2715 3803; x_wconf 84' lang='lat' dir='ltr'><strong>ge-</strong></span> 
     </span>
     <span class='ocr_line' id='line_1_34' title="bbox 514 3820 2715 3906; baseline -0.001 -18"><span class='ocrx_word' id='word_1_285' title='bbox 514 3824 752 3890; x_wconf 86' lang='lat' dir='ltr'><strong>mitum</strong></span> <span class='ocrx_word' id='word_1_286' title='bbox 775 3823 947 3888; x_wconf 80' lang='lat' dir='ltr'><strong>mari</strong></span> <span class='ocrx_word' id='word_1_287' title='bbox 973 3823 1375 3906; x_wconf 78' lang='lat' dir='ltr'><strong>exprimunt,</strong></span> <span class='ocrx_word' id='word_1_288' title='bbox 1406 3823 1621 3890; x_wconf 83' lang='lat' dir='ltr'><strong>ventis</strong></span> <span class='ocrx_word' id='word_1_289' title='bbox 1649 3823 1941 3888; x_wconf 86' lang='lat' dir='ltr'><strong>laborem</strong></span> <span class='ocrx_word' id='word_1_290' title='bbox 1968 3820 2247 3888; x_wconf 81' lang='lat' dir='ltr'><strong>afferunt</strong></span> <span class='ocrx_word' id='word_1_291' title='bbox 2272 3830 2343 3886; x_wconf 87' lang='lat' dir='ltr'><strong>et</strong></span> <span class='ocrx_word' id='word_1_292' title='bbox 2369 3821 2715 3886; x_wconf 82' lang='lat' dir='ltr'><strong>molestias</strong></span> 
     </span>
     <span class='ocr_line' id='line_1_35' title="bbox 511 3921 2715 4009; baseline -0 -19"><span class='ocrx_word' id='word_1_293' title='bbox 511 3926 580 3990; x_wconf 88' lang='lat' dir='ltr'><strong>in</strong></span> <span class='ocrx_word' id='word_1_294' title='bbox 627 3923 1073 4009; x_wconf 85' lang='lat' dir='ltr'><strong>propellendis</strong></span> <span class='ocrx_word' id='word_1_295' title='bbox 1119 3941 1348 3988; x_wconf 85' lang='lat' dir='ltr'><strong>eorum</strong></span> <span class='ocrx_word' id='word_1_296' title='bbox 1395 3923 1702 4005; x_wconf 73' lang='lat' dir='ltr'><strong>navibuS,</strong></span> <span class='ocrx_word' id='word_1_297' title='bbox 1766 3923 1886 3988; x_wconf 86' lang='lat' dir='ltr'><strong>sed</strong></span> <span class='ocrx_word' id='word_1_298' title='bbox 1931 3923 2064 4006; x_wconf 84' lang='lat' dir='ltr'><strong>ipsi</strong></span> <span class='ocrx_word' id='word_1_299' title='bbox 2108 3941 2381 4007; x_wconf 88' lang='lat' dir='ltr'><strong>quoque</strong></span> <span class='ocrx_word' id='word_1_300' title='bbox 2434 3921 2715 3989; x_wconf 87' lang='lat' dir='ltr'><strong>Oceano</strong></span> 
     </span>
     <span class='ocr_line' id='line_1_36' title="bbox 513 4020 2709 4111; baseline 0 -20"><span class='ocrx_word' id='word_1_301' title='bbox 513 4026 700 4110; x_wconf 84' lang='lat' dir='ltr'><strong>leges</strong></span> <span class='ocrx_word' id='word_1_302' title='bbox 735 4026 1014 4109; x_wconf 85' lang='lat' dir='ltr'><strong>parendi</strong></span> <span class='ocrx_word' id='word_1_303' title='bbox 1057 4025 1404 4107; x_wconf 78' lang='lat' dir='ltr'><strong>dixerunt,&#39;</strong></span> <span class='ocrx_word' id='word_1_304' title='bbox 1443 4026 1562 4111; x_wconf 87' lang='lat' dir='ltr'><strong>qui</strong></span> <span class='ocrx_word' id='word_1_305' title='bbox 1607 4025 1745 4090; x_wconf 83' lang='lat' dir='ltr'><strong>illis</strong></span> <span class='ocrx_word' id='word_1_306' title='bbox 1793 4023 2023 4090; x_wconf 80' lang='lat' dir='ltr'><strong>invitis</strong></span> <span class='ocrx_word' id='word_1_307' title='bbox 2066 4043 2201 4088; x_wconf 90' lang='lat' dir='ltr'><strong>non</strong></span> <span class='ocrx_word' id='word_1_308' title='bbox 2244 4020 2446 4088; x_wconf 84' lang='lat' dir='ltr'><strong>audet</strong></span> <span class='ocrx_word' id='word_1_309' title='bbox 2486 4020 2709 4091; x_wconf 81' lang='lat' dir='ltr'><strong>irasci.</strong></span> 
     </span>
     <span class='ocr_line' id='line_1_37' title="bbox 519 4121 2710 4210; baseline -0.001 -18"><span class='ocrx_word' id='word_1_310' title='bbox 519 4126 704 4205; x_wconf 82' lang='lat' dir='ltr'><strong>Quid</strong></span> <span class='ocrx_word' id='word_1_311' title='bbox 732 4127 910 4193; x_wconf 87' lang='lat' dir='ltr'><strong>enim</strong></span> <span class='ocrx_word' id='word_1_312' title='bbox 939 4126 1120 4192; x_wconf 86' lang='lat' dir='ltr'><strong>aliud</strong></span> <span class='ocrx_word' id='word_1_313' title='bbox 1147 4127 1280 4192; x_wconf 85' lang='lat' dir='ltr'><strong>sibi</strong></span> <span class='ocrx_word' id='word_1_314' title='bbox 1309 4127 1542 4195; x_wconf 85' lang='lat' dir='ltr'><strong>volunt</strong></span> <span class='ocrx_word' id='word_1_315' title='bbox 1563 4127 1687 4192; x_wconf 90' lang='lat' dir='ltr'><strong>illa</strong></span> <span class='ocrx_word' id='word_1_316' title='bbox 1719 4126 1868 4191; x_wconf 87' lang='lat' dir='ltr'><strong>libri</strong></span> <span class='ocrx_word' id='word_1_317' title='bbox 1904 4142 2012 4189; x_wconf 89' lang='grc' dir='ltr'><strong>ιιι.</strong></span> <span class='ocrx_word' id='word_1_318' title='bbox 2038 4125 2147 4187; x_wconf 83' lang='grc'><strong>10.</strong></span> <span class='ocrx_word' id='word_1_319' title='bbox 2192 4127 2211 4156; x_wconf 89' lang='lat'>‘</span> <span class='ocrx_word' id='word_1_320' title='bbox 2242 4121 2417 4187; x_wconf 86' lang='lat' dir='ltr'><strong>Cum</strong></span> <span class='ocrx_word' id='word_1_321' title='bbox 2458 4122 2710 4210; x_wconf 81' lang='lat' dir='ltr'><strong>majore</strong></span> 
     </span>
     <span class='ocr_line' id='line_1_38' title="bbox 518 4221 2709 4314; baseline 0 -20"><span class='ocrx_word' id='word_1_322' title='bbox 518 4245 722 4312; x_wconf 83' lang='lat' dir='ltr'><strong>quam</strong></span> <span class='ocrx_word' id='word_1_323' title='bbox 753 4231 936 4314; x_wconf 87' lang='lat' dir='ltr'><strong>prius</strong></span> <span class='ocrx_word' id='word_1_324' title='bbox 960 4229 1198 4314; x_wconf 72' lang='lat' dir='ltr'><strong>praeda</strong></span> <span class='ocrx_word' id='word_1_325' title='bbox 1225 4235 1530 4300; x_wconf 80' lang='lat' dir='ltr'><strong>revectus</strong></span> <span class='ocrx_word' id='word_1_326' title='bbox 1575 4237 1701 4310; x_wconf 85' lang='lat' dir='ltr'><strong>est,</strong></span> <span class='ocrx_word' id='word_1_327' title='bbox 1748 4230 1897 4312; x_wconf 87' lang='lat' dir='ltr'><strong>ipso</strong></span> <span class='ocrx_word' id='word_1_328' title='bbox 1923 4243 2196 4311; x_wconf 85' lang='lat' dir='ltr'><strong>quoque</strong></span> <span class='ocrx_word' id='word_1_329' title='bbox 2226 4221 2505 4293; x_wconf 80' lang='lat' dir='ltr'><strong>Oceano</strong></span> <span class='ocrx_word' id='word_1_330' title='bbox 2534 4233 2709 4294; x_wconf 84' lang='lat' dir='ltr'><strong>tran-</strong></span> 
     </span>
    </p>
   </div>
  </div>
 </body>
</html>
