3234 4909
1403 407 1757 459 ιωτοειι.
2574 387 2663 453 15

468 577 674 644 quam
701 553 1026 638 dormitet.
1113 555 1246 620 Sed
1285 551 1767 620 domatores
1812 559 1882 622 et
1924 551 2227 634 κακόζηλοι
2270 545 2427 618 sibi
2450 551 2517 616 in
2558 553 2667 620 his

465 661 742 744 argutiis
772 663 839 724 et
861 657 1166 724 ventosis
1191 657 1616 724 minibus
1642 655 1921 722 mirifice
1966 656 2253 741 placent,
2300 663 2373 724 et
2414 659 2485 722 in
2528 659 2669 726 illis

412 837 420 845 ,
467 762 818 847 captandis
841 761 970 826 toti
993 765 1170 825 sunt.
1255 757 1412 839 Quo
1441 759 1767 826 audacius
1804 764 1871 824 et
1916 759 2205 843 ineptius
2234 759 2488 843 aliquid
2516 765 2677 828 sunt·

471 864 850 942 commenti,
875 859 1084 928 nodo
1131 881 1269 928 non
1317 863 1414 927 sit
1460 861 1723 927 dictum
1753 861 2191 945 populariter,
2222 866 2409 926 tanto
2452 863 2668 944 magis

467 965 596 1032 sibi
647 961 1004 1050 plaudunt.
1092 959 1244 1030 Nec
1285 964 1635 1030 immerito.
1745 961 2025 1046 Semper
2068 961 2243 1026 enim
2286 963 2669 1030 invenerunt

467 1084 738 1133 suorum
785 1072 1234 1152 portentorum
1274 1065 1731 1141 admiratores,
1777 1062 1896 1128 sed
1951 1062 2079 1128 hoc
2132 1069 2423 1147 tempore
2471 1063 2667 1148 longe

465 1165 808 1252 phdmos.
895 1169 1100 1252 Soepe
1143 1167 1612 1252 stupiditatem
1665 1166 1871 1230 nostri
1899 1165 2133 1231 saeculi
2180 1183 2331 1230 sum
2382 1165 2673 1232 adrnira-

464 1274 597 1350 ωε,
627 1289 782 1337 cum
809 1271 1042 1337 andivi
1071 1289 1118 1336 a
1143 1271 1473 1355 plun‘mis,
1499 1274 1569 1334 et
1616 1269 1736 1352 qui
1763 1268 1895 1333 sibi
1922 1267 2319 1334 videbantur
2340 1267 2537 1332 valde
2558 1283 2673 1334 'sa-

464 1389 648 1456 pore,
678 1372 998 1457 Caspai-is
1028 1373 1278 1439 Barlaei
1299 1371 1594 1437 carmina
1636 1370 1803 1437 tanti
1844 1368 2013 1447 fieri,
2065 1375 2147 1434 ut
2185 1385 2341 1434 curn
2394 1371 2670 1454 optimis

468 1475 814 1540 veteribus
841 1473 1067 1559 poetis
1095 1479 1615 1558 compararetur,
1646 1473 1735 1536 ab
1760 1469 1915 1536 aliis
1944 1463 2387 1536 anteferretur.
2476 1471 2672 1555 Inge-

467 1576 580 1644 nio
609 1593 774 1641 sane
826 1575 1036 1642 valuit
1093 1575 1426 1653 Barlaeus,
1483 1581 1556 1638 et
1610 1571 1799 1637 nullo
1850 1589 2125 1637 suorum
2155 1573 2517 1655 aequalium
2544 1573 2675 1640 fuit

465 1676 757 1744 inferior.
846 1677 984 1744 Sed
1027 1677 1295 1762 ingenio
1340 1677 1614 1742 nimium
1664 1674 1964 1740 indulsitss
2050 1672 2367 1752 Quantus
2406 1675 2577 1740 enim
2606 1677 2676 1744 in

465 1779 587 1845 illo
615 1785 872 1861 tumor3
934 1786 1232 1862 quantus
1279 1777 1530 1862 optime
1579 1775 1957 1843 sonantium
2006 1774 2363 1841 verborum
2414 1775 2669 1860 ubique

471 1880 690 1943 inanis
739 1879 1096 1962 strepitus!
1159 1877 1403 1944 Ausim
1457 1884 1878 1943 sacramento
1924 1877 2329 1943 contendere
2358 1879 2478 1946 vix
2519 1899 2674 1946 esse

469 1981 809 2062 paginam,
857 1983 930 2046 in
979 1980 1198 2066 epicis
1251 1980 1647 2065 praesertim,
1700 1980 1774 2044 in
1824 1997 1965 2062 qua
1991 1997 2131 2044 non
2162 1979 2418 2064 aliquot
2443 1999 2673 2047 versus

468 2083 896 2166 reperiantur,
923 2084 1146 2148 sonori
1175 2082 1466 2167 quidem,
1495 2087 1567 2148 et
1588 2098 1785 2147 aures
1811 2081 2187 2164 implentes,
2218 2080 2341 2146 sed
2369 2101 2507 2147 non
2532 2081 2677 2148 ani·

467 2199 674 2262 mum,
725 2186 788 2249 si
841 2185 1032 2250 illum
1087 2183 1416 2251 attendas.
1532 2182 1749 2248 Nulla
1803 2184 1981 2246 enim
2032 2182 2263 2247 subest
2321 2185 2673 2248 sententia.

471 2280 612 2360 Qui
636 2284 790 2348 istis
837 2291 1118 2368 possunt
1160 2286 1343 2366 capi,
1371 2301 1508 2346 non
1553 2286 1838 2364 possunt
1864 2279 2168 2362 Virgilio,
2201 2279 2493 2360 Catullo,
2525 2281 2676 2349 Ho-

468 2383 644 2449 ratio
671 2383 1014 2464 delectari,
1045 2390 1164 2450 aut
1207 2385 1485 2450 virtutes
1533 2401 1759 2447 eorum
1808 2383 2405 2466 praestantiamque
2430 2383 2677 2451 intelli-

471 2499 641 2567 gere,
669 2505 795 2551 nec
838 2485 1208 2570 dijudicare
1253 2490 1274 2521 ‘
1303 2485 1466 2570 quid
1519 2484 1768 2550 distent
1815 2503 1955 2550 aera
1998 2483 2297 2567 lupinis!
2379 2483 2457 2549 Si
2498 2487 2677 2551 enim

467 2593 741 2652 nossent
765 2607 972 2670 quam
1014 2589 1210 2670 longe
1239 2581 1459 2652 tnnior
1489 2586 1759 2649 abesset
1783 2603 1828 2649 a
1858 2585 2286 2664 sublimitate,
2329 2603 2676 2669 nunquam

467 2687 640 2751 hanc
667 2687 756 2752 de
783 2687 1052 2751 Barloeo
1075 2687 1318 2750 ferrent
1343 2685 1767 2761 sententiam,
1798 2685 1915 2766 qni
1938 2685 2177 2748 fatetur
2222 2685 2374 2766 ipse
2426 2703 2501 2748 se
2540 2705 2677 2750 non

471 2786 1076 2852 excellentissimos
1105 2785 1193 2849 ad
1217 2783 1611 2850 imitandum
1638 2782 1881 2868 poetas
1906 2783 2036 2848 sibi
2065 2787 2525 2869 proposuisse,
2558 2783 2682 2852 sed'

473 2886 951 2966 Claudianum,
997 2885 1103 2952 sui
1147 2884 1415 2970 quidem
1459 2885 1782 2968 temporis
1831 2883 2101 2968 poetam
2154 2885 2449 2950 omnium
2503 2906 2678 2970 pree-

475 2989 980 3067 stantissimum,
1021 2987 1141 3052 sed
1193 2986 1300 3050 sui
1345 2985 1690 3068 temporis,
1721 2985 1906 3068 quod
1952 2985 2039 3049 ab
2092 3003 2297 3050 aurea
2321 2986 2677 3068 plurimum

473 3087 906 3170 degeneraret
951 3087 1365 3170 antiquitate.
1454 3084 1713 3150 Verum
1762 3083 1844 3149 de
1891 3085 1995 3150 his
2042 3085 2284 3168 agendi
2329 3087 2523 3152 locus
2552 3091 2709 3168 erit,

477 3187 841 3271 aliquando
871 3187 1307 3254 commodior.
1395 3184 1747 3250 Muniendi
1772 3192 1999 3252 autem
2046 3193 2201 3252 sunt
2230 3195 2466 3253 contra
2492 3189 2677 3254 blan·

477 3287 604 3354 dos
631 3290 805 3354 istos
829 3306 1079 3354 errores
1107 3288 1586 3364 adolescentes,
1630 3287 1699 3350 in
1729 3305 2009 3372 qnorum
2038 3288 2345 3353 manibus
2375 3299 2681 3356 versatur

481 3381 740 3470 Florus,
759 3397 828 3456 et
854 3391 1114 3470 merito,
1135 3391 1298 3475 quia
1323 3388 1661 3456 meliorem
1688 3408 1821 3455 non
1849 3389 2097 3454 habent
2117 3388 2410 3454 nondum
2436 3390 2679 3458 imbuti

477 3507 694 3556 rernm
743 3489 1198 3556 Romanarum
1237 3490 1645 3574 cognitione,
1700 3490 1816 3572 qui
1863 3491 2050 3555 brevi
2074 3490 2503 3574 compendio,
2533 3497 2680 3556 tan·

479 3593 782 3680 quanin
807 3592 1052 3657 tabella
1076 3591 1394 3676 quadam,
1434 3596 1648 3656 ortum
1694 3597 1765 3655 et
1808 3611 2163 3676 processus
2194 3591 2523 3658 Romanae
2554 3595 2680 3659 rei-

480 3691 772 3776 publicae
801 3692 906 3757 eis
934 3689 1262 3770 os'tendat,
1303 3694 1665 3777 praesertim
1716 3711 1866 3758 cum
1916 3694 2083 3759 vitia
2122 3713 2253 3759 uon
2282 3713 2418 3758 una
2445 3697 2681 3779 penset

481 3795 738 3859 virtute.
825 3791 1324 3860 Providendum
1368 3794 1564 3877 igitur
1603 3812 1685 3859 ne
1734 3796 2055 3879 arripiant
2084 3800 2420 3880 corrupta,
2459 3802 2529 3861 et
2571 3793 2679 3858 his

483 3894 778 3963 innutriti
807 3915 938 3962 non
987 3898 1188 3963 modo
1231 3915 1574 3981 nunquam
1630 3897 1896 3982 possint
1938 3917 2269 3963 secernere
2322 3917 2365 3963 a
2416 3895 2679 3960 vitiosis
2745 3941 2753 3946 .

485 4013 668 4077 sana,
700 3999 816 4063 sed
845 4017 926 4063 ue
957 3999 1194 4064 vitiosa
1225 3997 1410 4062 sanis
1437 3997 1813 4081 praeferant.
1904 3997 1983 4062 In
2014 4005 2380 4082 temporum
2410 3997 2679 4077 quoque

485 4102 845 4178 notatione,
889 4105 957 4164 et
998 4100 1302 4168 locorum
1351 4100 1504 4177 situ,
1558 4107 1627 4164 et
1673 4119 1893 4164 rerum
1925 4105 2253 4183 gestarum
2308 4095 2681 4160 narratione

484 4217 621 4264 non
648 4201 848 4267 >semel
875 4202 1153 4286 impegit
1177 4203 1304 4269 iste
1334 4203 1642 4287 scriptor,
1668 4207 1734 4266 et
1756 4202 1925 4268 satis
1952 4200 2221 4284 quidem
2248 4197 2559 4282 graviter3
2602 4202 2684 4266 ut
