3234 4909
1370 371 1874 432 nemineum.
2601 361 2694 430 ω

481 529 511 582 ⁸.
533 519 614 588 1..
654 517 864 600 Hori,
911 521 1028 606 qui
1070 519 1384 606 ejusdem
1431 519 1771 588 Hadriani
1819 515 2253 608 Imperatoris
2301 523 2701 612 Principatu

481 627 685 705 vixit,
715 623 1024 690 Historia
1049 643 1272 690 rerum
1301 624 1596 690 Roman.
1642 631 1925 710 quatuor
1966 627 2159 692 libris
2190 625 2525 709 distincta,
2564 630 2702 696 De-

487 725 869 794 clamatoris
895 725 1084 806 mihi,
1111 745 1246 792 non
1275 725 1606 792 Historici
1636 727 1915 794 videtur.
2005 729 2191 794 Dum
2234 729 2497 812 singula
2522 731 2700 802 bella

489 829 847 914 descripsit
869 830 943 896 in
969 829 1248 914 singulis
1275 829 1548 913 ineptus
1577 829 1726 896 est?

573 931 872 1016 Scaliger
889 933 977 998 ad
1009 929 1286 998 Eusebii
1317 929 1697 999 chronicon
1720 951 1899 1000 num.
1936 949 2454 1000 nosocomum
2503 939 2525 969 ‘
2545 931 2703 1004 Flo·

487 1053 604 1100 rus
629 1042 854 1118 argute
883 1053 966 1100 ac
997 1035 1280 1102 rotunde
1307 1055 1496 1101 more
1526 1055 1697 1104 suo:
1745 1040 1767 1071 ‘
1797 1036 1879 1102 In
1908 1034 2148 1103 Africa
2176 1037 2489 1124 quoque.'
2544 1035 2702 1103 Vid.

491 1153 598 1204 w.
625 1137 692 1203 2.
738 1137 937 1202 Idem
957 1137 1118 1203 ibid.
1148 1138 1236 1203 ad
1261 1159 1438 1214 num.
1473 1153 1969 1206 uncconxxV.
2014 1145 2035 1174 ⁶
2062 1137 2307 1205 Florus
2321 1137 2704 1227 τερατολογίᾳ

488 1238 765 1325 poetica
813 1240 1048 1306 drama
1101 1242 1505 1326 amplificat:
1578 1248 1601 1325 ‘.
1648 1239 1736 1307 D.
1790 1241 2041 1308 Brutus
2090 1243 2441 1328 aliquanto
2496 1243 2705 1308 latius

491 1337 881 1421 Gallaecos:
909 1347 979 1408 et
1007 1361 1160 1427 quae
1189 1349 1556 1429 sequuntur
1586 1359 1667 1408 ιι.
1686 1341 1819 1409 17!

577 1439 866 1507 vinetus
913 1441 1004 1508 ad
1049 1443 1232 1509 Flor.
1265 1461 1349 1510 ιι.
1379 1443 1444 1510 4.
1522 1447 1543 1480 ‘
1563 1444 1748 1530 Lege
1788 1443 2109 1511 Historiae
2138 1446 2481 1512 veritatem
2527 1445 2707 1530 apud

492 1541 878 1629 Polybium.
969 1545 1196 1612 Multa
1219 1565 1514 1632 namque
1563 1547 1843 1632 poetica
1877 1545 1993 1612 hic
2036 1547 2239 1612 bomo
2282 1547 2613 1614 interserit
2640 1551 2707 1612 et

493 1647 783 1714 miscet?

577 1747 734 1814 Ger.
762 1749 830 1814 J.
859 1749 1160 1816 Vossius
1209 1749 1512 1815 Institut.
1545 1748 1807 1816 Orator.
1842 1765 1949 1815 vr.
1976 1747 2043 1814 4.
2072 1748 2143 1814 3.
2240 1751 2264 1782 ‘
2292 1745 2536 1830 Neque
2564 1751 2708 1814 tan·

495 1855 638 1916 tum
663 1847 926 1934 peccat,
959 1853 1076 1936 qui
1103 1850 1384 1917 nimium
1426 1851 1815 1937 hyperbolis
1850 1849 2187 1935 indulget;
2246 1867 2477 1918 verum
2503 1851 2709 1918 etiam

495 1953 801 2037 quisquis
828 1951 1212 2040 τερατολογίᾳ
1242 1951 1514 2039 poetica
1528 1975 1673 2020 rem
1702 1955 2094 2041 amplificat.
2140 1953 2335 2021 Fecit
2352 1956 2424 2020 id
2448 1955 2707 2020 Florus·
2762 2017 2771 2024 .

493 2055 678 2120 Nam
707 2057 889 2141 quod
941 2057 1342 2142 simpliciter
1370 2056 1554 2122 dixit
1586 2058 1748 2124 Sex.
1794 2057 2059 2124 Rufus:
2122 2061 2147 2092 ‘
2178 2057 2565 2143 Hispanias
2588 2072 2709 2142 per

494 2158 583 2223 D.
613 2158 902 2224 Brutum
927 2159 1369 2238 obtinuimus,
1389 2165 1466 2224 et
1489 2177 1712 2242 usqne
1744 2159 1833 2224 ad
1852 2157 2083 2224 Gades
2105 2165 2177 2224 et
2194 2159 2537 2224 Oceanum
2562 2177 2710 2240 per-

493 2260 803 2324 venimus
826 2257 866 2324 z’
911 2260 985 2324 id
1014 2261 1128 2324 ille
1155 2262 1388 2343 inepte
1419 2261 1780 2326 admodum
1810 2262 1909 2326 sie
1933 2267 2185 2340 narrat,
2229 2265 2251 2295 ‘
2283 2261 2375 2324 D.
2417 2259 2713 2339 Brutus:

491 2365 615 2428 ew.
682 2357 846 2427 vid.
877 2376 956 2428 11.
986 2362 1095 2426 17.
1185 2361 1346 2426 Scio
1393 2367 1805 2447 quantopere
1838 2362 2015 2441 haec,
2069 2367 2136 2427 et
2182 2361 2317 2428 alia
2360 2361 2431 2428 id
2483 2381 2711 2445 genus,

491 2459 692 2528 bodie
721 2463 1240 2528 adblandiantur
1267 2481 1406 2528 non
1429 2461 1949 2530 adolescentulis
1970 2464 2203 2542 modo,
2225 2463 2349 2530 sed
2369 2464 2711 2530 nonnullis

493 2583 760 2649 quoque
808 2583 1064 2642 eorum,
1097 2567 1218 2647 qui
1246 2565 1374 2629 soli
1404 2583 1647 2646 sapere
1686 2572 1757 2628 et
1784 2565 1917 2629 sibi
1946 2571 2015 2630 et
2040 2568 2265 2630 multis
2296 2567 2451 2630 aliis
2479 2567 2713 2632 viden-

494 2673 624 2730 tur.
715 2663 852 2728 Sed
875 2665 1269 2747 neutiquam
1317 2669 1427 2727 est
1453 2661 1913 2741 dubitandum,
1958 2664 2123 2747 quin
2167 2681 2253 2727 ea
2290 2663 2530 2746 putida
2556 2667 2709 2745 sint,

491 2769 560 2831 et
587 2760 917 2842 κακὸζηλαε
979 2765 1048 2830 in
1092 2783 1230 2849 quo
1269 2764 1390 2848 qui
1437 2763 1659 2830 minus
1702 2762 1867 2828 mihi
1917 2758 2121 2829 fidem
2162 2763 2438 2844 habent,
2469 2767 2707 2832 saltem

493 2866 769 2934 credant
792 2868 1128 2932 literarum
1163 2865 1466 2950 Principi
1488 2865 1536 2930 J
1539 2885 1641 2930 os.
1674 2862 2059 2948 Scaligero.’

581 2969 740 3036 Ger.
775 2967 1066 3036 Vossius
1099 2968 1190 3036 G.
1221 2967 1302 3034 F.
1335 2967 1425 3032 ad
1454 2963 1711 3034 Vellei.
1742 2965 2006 3032 Patere.
2028 2984 2114 3032 11.
2144 2967 2209 3034 6.
2268 2971 2290 3006 ‘
2319 2968 2571 3035 Parum
2598 2989 2713 3038 ac-

496 3077 742 3153 curate,
769 3078 846 3138 ut
873 3070 1075 3151 solet,
1105 3070 1454 3136 historiam
1482 3069 1657 3135 banc
1687 3070 2109 3154 persequitur
2140 3071 2379 3136 Florus
2408 3087 2525 3136 ιιι.
2563 3072 2681 3138 15:

585 3174 799 3260 Casp.
830 3175 1146 3240 Bar-thius
1177 3171 1462 3239 Advers.
1494 3187 1726 3237 xvur.
1755 3171 1868 3238 18·
1920 3174 1943 3206 ‘
1966 3171 2145 3238 Rem
2169 3179 2713 3255 gestam-omnem

495 3295 583 3344 ex
611 3277 1090 3344 declamatoria
1112 3275 1425 3342 Historia
1453 3274 1647 3341 Flori
1678 3274 2136 3342 ascribemus:

584 3379 777 3446 Idem
809 3377 1093 3454 Advers.
1127 3393 1262 3444 nx.
1288 3378 1354 3444 6.
1429 3381 1453 3415 ‘
1484 3377 1731 3444 Florus
1754 3396 1891 3443 non
1918 3385 2061 3443 tam
2090 3377 2475 3443 Historiam
2504 3395 2713 3464 quan*

499 3482 680 3560 darn,
709 3484 828 3546 aut
853 3479 1341 3566 Compendium
1360 3485 1721 3562 gestorum,
1741 3497 1949 3565 quam
1968 3480 2395 3548 victoriarum
2410 3499 2715 3565 poeanem

499 3583 889 3661 desaltavit,
921 3583 1129 3648 etiam
1171 3585 1238 3648 in
1261 3582 1570 3648 cladibus
1596 3583 1956 3666 anquirens
1984 3581 2327 3667 praeconia
2354 3584 2714 3648 sententio*

497 3686 584 3752 lis
607 3683 978 3766 vibrandis,
1008 3690 1077 3751 et
1119 3683 1456 3768 erigendis
1491 3683 1894 3764 infortuniis,
1922 3683 2258 3768 malisque
2286 3685 2584 3751 moribus
2610 3685 2712 3747 in·-

497 3785 1018 3872 terstinguendis
1045 3807 1135 3852 ex
1163 3784 1534 3853 memoria.’

585 3887 779 3956 Idem
823 3890 912 3955 ad
944 3887 1297 3957 claudian.
1327 3879 1412 3956 de
1448 3887 1739 3954 Laudib.
1778 3888 2001 3956 Stilic.
2032 3903 2149 3952 ιιι.
2173 3887 2330 3952 145.
2420 3888 2443 3918 ⁸
2473 3883 2715 3950 Florus

502 3991 952 4076 Panegyrista
983 3987 1420 4058 Histericus.'

586 4090 939 4178 Augustus
971 4091 1360 4159 Buchnerus
1389 4091 1474 4158 de
1497 4089 1927 4158 commutata
1951 4089 2209 4158 ratione
2236 4087 2527 4184 dicendi,
2559 4101 2608 4150 ι.
2646 4087 2712 4154 2.

507 4196 529 4227 ‘
553 4193 792 4281 Neque
831 4195 1008 4263 enim
1050 4195 1218 4263 illud
1271 4195 1460 4263 Flori
1505 4185 1604 4262 iv.
1656 4193 1726 4262 2.
1796 4195 2101 4281 probem,
2147 4209 2301 4258 cum
2346 4195 2371 4228 ‘
2399 4191 2713 4277 gemitum
