3234 4909
1257 429 1747 480 resi-monui.
2524 413 2611 481 31

495 575 692 644 Idem
732 575 801 642 iu
849 575 1340 642 Dissertatione
1398 575 1482 639 de
1533 573 1983 642 Patavinitate
2033 572 2319 640 Liviana
2374 593 2524 658 cap.
2546 575 2613 642 7.

413 683 436 714 ‘
471 677 672 759 Quod
697 679 758 744 si
787 677 1264 744 Ciceronianus
1305 676 1792 754 translationeS,
1821 677 2039 760 inquit
2066 674 2515 755 Robortellus,
2547 684 2615 742 et

411 801 666 859 eorum,
716 781 832 864 qui
874 780 1110 845 eadem
1164 784 1363 846 aetate
1409 779 1740 856 vixerunt,
1770 778 2065 844 conferas
2109 798 2264 844 cum
2307 779 2466 858 illis,
2496 780 2614 862 qui

406 888 647 968 postea
686 883 1006 966 scripsere
1038 881 1188 966 jam
1227 879 1649 948 labefactata
1693 901 1775 946 ac
1820 885 2131 966 corrupta
2157 880 2615 948 Romanorum

407 986 655 1068 lingua,
697 985 787 1049 ob
825 983 1119 1049 infusam
1169 982 1729 1067 peregrinitatem,
1779 983 2006 1048 videas
2052 980 2327 1046 multum
2370 981 2613 1047 discre-

405 1107 590 1171 pare,
614 1086 964 1169 magisque
986 1087 1256 1170 capiere
1283 1085 1442 1165 illis,
1461 1103 1663 1167 quam
1692 1084 1821 1150 his.
1908 1082 2239 1149 Venustae
2268 1084 2403 1148 illae
2436 1090 2611 1162 sunt,

406 1206 606 1271 pares
636 1207 718 1252 ac
743 1187 1204 1251 convenientes
1230 1187 1448 1265 rebuS,
1476 1191 1675 1265 notae,
1704 1191 1909 1270 aptae,
1935 1205 2017 1250 ac
2050 1195 2319 1265 suaves,
2344 1204 2615 1270 remque

407 1290 494 1354 ob
541 1288 775 1354 oculos
805 1294 1083 1372 ponunt,
1114 1289 1312 1372 quasi
1355 1294 1752 1373 praesentem
1780 1289 2122 1354 intuearis:
2167 1286 2274 1354 hae
2302 1286 2611 1365 horridae,

409 1390 763 1468 obsoletae,
794 1393 863 1452 et
899 1409 944 1454 a
979 1390 1180 1455 rebus
1218 1391 1460 1474 ignotis
1503 1389 1751 1466 ductoe,
1781 1388 2132 1474 dispares?
2214 1387 2350 1454 Vel
2378 1389 2446 1454 in
2473 1409 2611 1454 uno

409 1490 612 1556 Floro
661 1491 1068 1580 luculentum
1119 1491 1267 1577 ejus
1327 1491 1711 1576 exemplum
1762 1497 1885 1570 est,
1934 1493 2127 1576 cujus
2170 1492 2509 1556 translatis
2550 1498 2616 1556 et

407 1593 709 1676 argutiiS‚
737 1597 814 1658 ut
832 1599 1050 1658 cetera
1069 1594 1168 1659 sic
1191 1595 1356 1659 satis
1373 1595 1609 1678 proba,
1627 1593 1794 1657 nihil
1810 1592 2139 1658 interdum
2164 1599 2269 1658 est
2289 1594 2612 1676 ineptiuS,

407 1693 590 1777 quod
619 1695 1062 1761 certissimum
1088 1695 1472 1762 labefactati
1501 1694 1827 1760 sermonis
1852 1699 2322 1777 argumentum.
2409 1693 2612 1773 Vide,

408 1796 574 1879 quid
629 1796 714 1860 de
755 1816 840 1863 eo
893 1796 1151 1862 Censor
1190 1797 1425 1862 harum
1474 1816 1693 1863 rerum
1750 1799 2141 1875 acerrimus,
2203 1815 2613 1880 magnusque

405 1898 668 1962 amicus
737 1902 978 1979 noster,
1033 1898 1352 1964 Graevius
1409 1899 1482 1963 in
1532 1895 1941 1964 Praefatione
1990 1898 2464 1965 Commentarii
2508 1900 2613 1964 sui

407 1997 778 2064 doctissimi
808 2007 1103 2065 moueat.

489 2096 731 2164 Jacob.
778 2101 1170 2180 Perizonius
1223 2099 1683 2168 AnimadverS.
1724 2102 2051 2167 Historic.
2098 2122 2250 2186 cap.
2279 2103 2342 2167 2.
2404 2124 2475 2188 p.
2506 2104 2612 2170 73.

406 2201 428 2232 ‘
461 2199 706 2284 Neque
733 2203 936 2268 etiam
976 2203 1062 2267 de
1111 2204 1314 2268 Floro
1341 2204 1536 2287 plura
1575 2203 1823 2269 addere
1865 2203 2281 2298 nuucslubet,
2314 2207 2613 2288 quando-

408 2299 678 2383 quidem
699 2303 842 2387 ejus
867 2302 940 2397 in
955 2301 1417 2386 hujuscemodi
1434 2304 1633 2367 rebus
1651 2304 2077 2368 oscitantiam
2102 2306 2356 2387 passim
2380 2325 2613 2389 agnos·

406 2407 568 2465 cunt
617 2404 1034 2489 InterpreteS,
1065 2410 1138 2469 et
1175 2405 1403 2468 multis
1443 2423 1655 2488 nuper
1696 2406 1912 2488 arg-uit
1940 2404 2066 2470 Vir
2106 2403 2613 2472 Eruditissimus

398 2503 659 2586 meique
711 2503 1248 2570 studiosissimus
1301 2503 1350 2568 J
1351 2505 1454 2569 oh.
1503 2504 1748 2588 Georg.
1799 2505 2143 2586 Graevius,
2173 2507 2243 2572 in
2287 2509 2613 2591 praeclara

402 2601 524 2668 illa
544 2604 976 2684 Praefatione,
1005 2626 1210 2689 quam
1239 2605 1538 2669 Editioni
1564 2623 1711 2669 suae
1742 2607 2111 2688 praemisit!

496 2700 676 2768 Ibid.
706 2723 766 2768 c.
792 2707 860 2770 7.
905 2725 978 2788 p.
998 2705 1150 2768 259.
1220 2707 1244 2737 ‘
1275 2700 1485 2781 Quod
1517 2701 1761 2767 Florus
1788 2704 1875 2769 de
1908 2706 2271 2772 AEmiliano
2302 2709 2614 2794 Scipione

412 2821 497 2868 11.
528 2804 634 2870 17.
678 2803 788 2870 vel
815 2824 1054 2889 parum
1095 2803 1373 2868 fideliter
1407 2804 1710 2888 scripsit,
1734 2805 1839 2871 vel
1868 2807 2341 2875 declamatoria
2382 2809 2612 2891 αὐξήσει
2668 2811 2677 2818 ’

406 2905 636 2971 laxius
680 2913 750 2972 et
793 2907 1140 2990 benignius
1180 2906 1522 2991 Scipionis
1565 2906 1844 2990 gloriam
1886 2909 2365 2998 victoriamque
2413 2915 2613 2984 inter-

405 3009 654 3092 pretari
680 3008 936 3075 voluit?

494 3108 716 3176 Janus
741 3109 1206 3176 Broekhusius
1231 3110 1318 3176 ad
1338 3112 1646 3197 Propert.
1679 3131 1790 3178 111.
1820 3113 1929 3179 21.
1953 3114 2063 3180 26.
2110 3118 2131 3148 ‘
2157 3113 2341 3182 Ecce
2372 3117 2611 3184 Florus

411 3231 610 3295 quam
635 3230 870 3278 secure
897 3213 1152 3297 ineptit,
1170 3213 1243 3277 in
1270 3213 1399 3279 hoc
1429 3214 1583 3299 ipso
1604 3213 2089 3281 Dioscurorum
2110 3220 2373 3301 negotio
2396 3235 2479 3284 11.
2497 3221 2608 3286 12.

411 3317 460 3396 §-
489 3315 597 3380 14.
631 3314 740 3379 15.
787 3319 811 3349 ‘
834 3313 1089 3380 Eodem
1118 3314 1252 3393 die,
1284 3335 1416 3399 quo
1441 3315 1663 3382 victus
1692 3323 1795 3384 est
1824 3317 2115 3397 Perses:
2142 3323 2265 3385 διο.
2315 3318 2377 3384 Ο
2409 3320 2615 3387 homi-

407 3435 556 3481 nem
583 3425 884 3496 acutum,
914 3417 1055 3500 qui,
1085 3417 1262 3482 unde
1286 3419 1440 3501 quis
1467 3418 1736 3497 venerit,
1755 3426 1893 3485 tam
1924 3421 2135 3504 perite
2164 3421 2492 3508 conjectat
2518 3445 2611 3488 ex

411 3518 560 3583 solo
601 3519 930 3584 anhelitu!
1011 3518 1186 3583 Tum
1236 3526 1502 3604 quantae
1552 3522 1907 3605 sapientiae
1948 3530 2051 3588 est
2078 3523 2259 3588 istud
2308 3523 2609 3608 ejusdem

409 3618 686 3684 artificis
725 3619 844 3686 lib.
877 3637 926 3684 1.
970 3639 1120 3704 cap.
1149 3621 1260 3688 11.
1303 3621 1358 3706 §-
1386 3624 1452 3686 4.
1539 3627 1562 3659 ‘
1591 3623 1694 3689 Ea
1725 3627 2040 3691 atrocitas
2081 3625 2208 3690 fuit
2246 3626 2465 3710 praelii
2472 3673 2587 3694 .....
2592 3628 2639 3654 ”

413 3719 662 3785 Nullus
695 3719 1110 3788 Milesiorum
1141 3723 1472 3807 choragus
1499 3729 1638 3789 tam
1666 3729 1948 3810 superbe
1973 3728 2329 3793 contemsit
2345 3727 2609 3811 judicia

409 3823 834 3905 posteritatis.
909 3821 1086 3890 Add.
1113 3845 1270 3908 quae
1301 3826 1649 3893 exeodem
1678 3830 1990 3894 annotavi
2019 3827 2103 3894 ad
2146 3829 2322 3894 Flor.
2356 3845 2453 3892 xv.
2484 3828 2609 3893 11:

497 3923 738 3989 Petrus
794 3927 1216 3991 Burmannus
1259 3928 1349 3992 ad
1402 3927 1790 3994 Petronium
1838 3949 1991 4016 cap.
2050 3929 2197 3998 123.
2298 3935 2319 3966 ‘
2366 3929 2606 3998 Florus

409 4025 663 4111 saepius
689 4027 981 4112 poetice,
1014 4048 1212 4114 quam
1245 4029 1554 4112 humane,
1587 4031 1913 4117 loquens?
