3234 4909
1043 416 1112 476 ι..
1156 424 1416 477 axum
1463 426 1693 479 nom
1742 428 1941 481 vlu.
2504 418 2602 485 19

379 570 542 637 nolo
597 568 844 637 Florus
900 588 1088 652 esse3
1131 569 1494 639 Ambulare
1535 592 1658 656 per
1706 575 2066 657 tabernas3
2120 574 2419 645 Latitare
2476 600 2593 663 per

379 672 720 758 popinas;
768 671 1040 739 culices
1063 675 1212 756 pati
1239 673 1597 739 rotundoa.⁹
1685 674 2037 761 Quemque
2068 676 2401 745 Annaeum
2432 680 2593 749 Flo·

378 794 530 840 rum
577 774 926 840 charisius
973 779 1194 851 vocat,
1243 780 1312 841 et
1353 794 1446 841 ex
1490 774 1691 861 cnjus
1740 778 1826 843 ad
1866 778 2119 845 Divum
2170 780 2587 849 Hadrianum

384 878 676 962 epistola
725 877 996 959 gemino
1031 877 1104 941 in
1139 876 1296 942 loco
1325 876 1496 943 citat
1523 878 1646 943 illa
1674 882 1897 959 verba,
1944 885 1967 916 ‘
1985 880 2333 949 Poematis
2363 884 2589 953 delec-

379 980 534 1046 tor?
621 979 804 1045 Sane
829 979 1012 1064 quod
1043 978 1392 1045 Poematis
1429 980 1753 1047 delectari
1782 1003 1857 1049 se
1886 984 2003 1063 ait,
2032 985 2102 1050 id
2128 1005 2261 1050 non
2283 987 2591 1055 abhorret

383 1084 470 1148 ab
518 1083 722 1168 hujus
761 1081 1146 1167 compendii
1191 1082 1542 1168 scriptore,
1584 1082 1853 1169 quando
1898 1086 2119 1171 stylus
2166 1088 2319 1172 ejus
2368 1096 2475 1157 est
2516 1094 2586 1156 in

377 1187 662 1253 historia
683 1186 1236 1265 declamatoriae,
1287 1205 1371 1251 ac
1417 1185 1703 1255 Poetico
1746 1190 2043 1273 propior,
2078 1189 2250 1255 adeo
2280 1198 2355 1257 ut
2382 1192 2585 1259 etiam

375 1288 800 1356 machia
826 1288 1095 1371 Virgilii
1123 1287 1510 1372 profundat.
1599 1288 1689 1353 Et
1732 1295 1955 1355 tamen
1980 1310 2067 1357 ea
2092 1292 2451 1375 potissima
2478 1300 2587 1361 est

379 1392 566 1459 Flori
591 1394 802 1457 nostri
847 1392 1020 1470 iaus,
1052 1391 1237 1475 quod
1265 1392 1554 1475 scriptor
1593 1398 1701 1458 est
1732 1393 2031 1476 elegans,
2061 1400 2127 1459 et
2155 1394 2468 1476 disertus,
2496 1402 2583 1477 et,

379 1498 438 1562 si
469 1496 765 1580 paucula
793 1496 1168 1580 exceperiS,
1198 1516 1354 1580 quae
1381 1494 1687 1579 frigidius
1706 1496 1897 1563 dicta
1918 1496 2246 1575 videntur,
2274 1518 2427 1564 vere
2455 1498 2583 1566 flo-

376 1598 580 1664 ridae.
669 1597 805 1663 Sed
833 1598 996 1663 latae
1025 1604 1128 1663 est
1153 1598 1382 1683 culpae
1409 1618 1593 1679 reus,
1624 1600 1807 1684 quod
1835 1601 1905 1665 in
1930 1603 2299 1683 temporum
2324 1602 2583 1667 ratione

375 1718 588 1783 usque
610 1700 784 1765 adeo
803 1700 1142 1783 negligens
1169 1700 1298 1780 sit;
1343 1700 1440 1767 ita
1467 1707 1544 1765 ut
1566 1719 1704 1767 non
1722 1701 1941 1785 possit
1960 1717 2093 1765 non
2122 1700 2375 1783 saepius
2398 1702 2583 1767 halu-

377 1802 612 1880 cinari‚
641 1804 758 1888 qui
787 1804 965 1868 hunc
989 1802 1230 1870 ducem
1252 1804 1443 1887 sequi
1467 1802 1656 1868 velit.
1744 1800 1965 1867 Valde
1990 1809 2221 1867 autem
2248 1802 2581 1884 falluntur,

375 1903 496 1987 qni
522 1924 672 1969 eum
709 1909 944 1989 putant
986 1904 1058 1967 in
1103 1903 1380 1969 historia
1429 1923 1558 1969 sua
1597 1904 1933 1988 epitomen
1978 1904 2175 1969 nobis
2220 1904 2397 1971 Livii
2424 1905 2581 1971 dare

371 2004 692 2072 voluisse.
777 2005 1132 2089 Siquidem
1189 2006 1426 2071 crebro
1473 2027 1518 2072 a
1571 2007 1769 2073 Livio
1811 2006 2089 2072 recedit.
2181 2006 2252 2073 N
2254 2026 2337 2073 ec
2378 2008 2579 2074 facile

377 2105 682 2185 dixerim,
711 2106 974 2172 idemne
1004 2124 1092 2173 an
1115 2107 1288 2173 alius
1317 2108 1430 2185 sit,
1489 2109 1605 2192 qui
1642 2108 2055 2190 singulorum
2097 2108 2235 2173 fere
2282 2110 2459 2177 Livii
2498 2111 2583 2176 li·

372 2209 642 2273 brorum
671 2214 1054 2291 argumenta
1081 2210 1370 2293 reliquit,
1401 2230 1556 2293 quae
1582 2208 1789 2275 hodie
1830 2216 2091 2289 extant,
2143 2212 2347 2275 etiam
2376 2211 2581 2277 libro-

369 2329 553 2387 rum,
583 2312 696 2393 qui
725 2310 1178 2393 deperierunt·
1263 2310 1431 2388 Sed,
1459 2328 1643 2387 ecce,
1674 2310 1761 2375 de
1782 2312 2049 2375 nomine
2076 2313 2279 2375 etiam
2306 2314 2583 2396 scripto·

367 2410 470 2475 ris
490 2411 668 2477 litem
695 2418 962 2477 movent
991 2412 1119 2476 viri
1161 2409 1427 2475 eruditi.
1516 2408 1923 2495 scrupulum
1972 2412 2063 2477 iis
2109 2412 2349 2497 injicit,
2398 2415 2577 2499 quod

368 2512 688 2611 lfactant.
746 2513 1050 2579 Institut.
1113 2512 1342 2577 Divin.
1371 2512 1488 2578 lib.
1532 2529 1665 2579 vn.
1702 2512 2027 2579 Senecam
2062 2515 2384 2599 appellet.
2474 2516 2579 2581 Si-

369 2614 668 2699 quidem,
689 2616 1025 2699 inquiunt,
1053 2616 1490 2699 antiquiorem
1517 2615 1647 2681 hoc
1675 2614 1998 2680 historico
2015 2616 2343 2679 habemus
2370 2620 2577 2681 nemi-

360 2734 548 2793 nem,
577 2716 699 2799 qui
741 2716 1064 2800 populum
1093 2716 1480 2781 Romanum
1507 2714 1805 2779 diviserit
1846 2720 2287 2796 per-quatuor
2316 2720 2573 2779 aetates.

365 2818 472 2883 At
505 2818 836 2883 Senecam
882 2816 1030 2901 ejus
1073 2818 1170 2885 rei
1215 2822 1564 2881 auctorem
1608 2813 1845 2879 laudat
1880 2814 1965 2892 ie,
2006 2832 2207 2897 quem
2249 2814 2575 2895 diximus,

366 2920 786 2996 laetamine,
843 2918 951 2985 his
1003 2919 1268 2985 verbis:
1347 2921 1370 2952 ‘
1415 2916 1578 2983 Non
1630 2916 1875 2983 inscite
1932 2918 2191 2983 Seneca
2247 2916 2575 2983 Romanae

365 3022 554 3091 urbis
609 3027 916 3105 tempora
969 3019 1310 3087 distribuit
1358 3022 1431 3086 in
1480 3026 1742 3086 aetates.
1830 3018 2127 3083 Primam
2178 3010 2351 3085 enim
2400 3020 2575 3087 dixit

365 3123 713 3191 infantiam
760 3124 892 3187 sub
937 3141 1090 3205 rege
1143 3122 1436 3189 Romulo
1487 3122 1737 3202 fnisse3
1814 3140 1857 3185 a
1906 3140 2041 3206 quo
2086 3127 2155 3187 et
2206 3122 2452 3205 genita,
2505 3130 2573 3189 et

367 3228 566 3309 quasi
609 3228 898 3293 educata
941 3225 1030 3290 sit
1069 3224 1328 3293 Roma:
1375 3225 1616 3291 deinde
1656 3224 2001 3309 pueritiam
2031 3224 2157 3289 sub
2188 3214 2454 3291 ceteris.
2475 3230 2588 3290 re-'

367 3329 602 3411 gibus3
663 3348 708 3393 a
735 3328 978 3411 quibus
1007 3330 1078 3391 et
1129 3334 1336 3394 aucta
1387 3329 1497 3407 sit,
1551 3326 1927 3411 disciplinis
1961 3324 2271 3409 pluribus
2312 3326 2573 3393 institu-

369 3430 592 3513 tisque
649 3428 966 3495 formata:
1023 3432 1094 3493 at
1142 3448 1329 3508 vero,
1383 3428 1753 3513 Tarquinio
1816 3431 2149 3510 regnante,
2210 3444 2365 3491 cum
2425 3426 2571 3511 jam

369 3531 569 3615 quasi
627 3530 862 3596 adulta
919 3547 1076 3595 esse
1135 3532 1484 3614 coepisset,
1557 3528 1901 3595 servitium
1968 3544 2101 3591 non
2160 3526 2435 3609 tulisse;
2504 3538 2574 3597 et

368 3634 612 3718 rejecto
653 3632 962 3715 superboe
1012 3631 1488 3697 dominationis
1523 3631 1717 3716 jugo,
1768 3627 2091 3695 maluisse
2138 3627 2401 3711 legibus
2448 3632 2591 3697 ob-'

365 3741 761 3819 temperare,
797 3752 1002 3816 quam
1033 3731 1340 3813 regibus:
1399 3749 1689 3815 cumque
1716 3736 1897 3797 esset
1924 3724 2389 3819 adolescentia
2415 3733 2567 3816 ejus

367 3836 498 3901 fine
555 3834 800 3899 Punici
845 3834 1008 3899 belli
1053 3834 1426 3913 terminata,
1477 3840 1623 3901 tum
1673 3832 1945 3901 demum
1996 3830 2409 3899 confirmatis
2471 3830 2569 3895 vi-

369 3937 556 4001 ribus
612 3935 914 4020 ‹mepisse
983 3936 1448 4021 juvenescere.
1559 3935 1847 4001 Sublata
1910 3936 2083 4000 enim
2144 3931 2572 4015 Carthagine,

371 4056 520 4121 qua>
567 4046 708 4103 tam
765 4037 880 4101 diu
941 4036 1188 4103 aemula
1231 4037 1492 4121 imperii
1547 4035 1843 4102 Romani
1902 4035 2059 4115 fuit,
2129 4050 2364 4099 manus
2407 4052 2569 4097 suas

369 4140 438 4202 in
479 4145 694 4205 totum
743 4140 970 4205 orbem
1019 4144 1195 4203 terra
1249 4138 1555 4221 marique
1615 4137 1953 4221 porrexitz
2041 4136 2254 4199 donec
2305 4132 2569 4216 regibus

369 4243 632 4311 cunctis
713 4248 784 4309 et
845 4241 1238 4313 nationibus
1309 4240 1709 4325 subjugatis,
1751 4260 1757 4267 ’
1787 4256 1942 4304 cum
2015 4236 2164 4320 jam
2240 4234 2569 4333 bellorum
