3234 4909
1411 362 1759 415 ωιοτοιιι.
2578 354 2665 421 13

459 506 756 595 quodam
785 509 1036 591 impetu
1066 510 1282 591 rapta,
1315 505 1572 573 medias
1599 506 1911 591 perfregit
1936 504 2175 591 Alpes,
2202 508 2369 575 etin
2400 508 2665 577 Italiam

459 614 550 675 ab
577 612 712 675 illis
741 607 1072 677 fabulosae
1101 604 1474 698 altitudinis
1501 607 1795 685 nivibuS,
1840 608 2020 674 velut
2068 606 2273 673 coelo:
2290 610 2519 689 missa,
2551 611 2665 675 de·

465 710 758 779 scandit-⁹
827 709 1018 776 Proh
1049 715 1342 795 quantus
1371 708 1763 793 ineptiarum
1792 710 2133 775 cumulus!
2186 708 2364 777 Haec
2394 730 2665 779 omnem

463 814 664 881 iidem
691 816 1032 897 superant.

793 912 986 979 Ὅταν
1011 938 1070 977 τι
1099 911 1310 977 retii-m
1335 917 1448 1001 ταῖς
1467 912 1841 998 σοφισμάτων
1869 908 1989 995 ἴδω,

809 1019 986 1081 Πλεῖν
1016 1013 1048 1093 ἢ
1077 1017 1310 1100 ’slavi-qb*
1334 1012 1713 1104 πρεσβύτερος
1742 1013 2097 1103 ἀπέρχομαι.

465 1119 646 1187 Num
677 1125 1062 1203 tempestas,
1093 1126 1168 1185 ut
1197 1118 1334 1185 alia
1360 1120 1901 1203 praetermittam,
1952 1120 2200 1185 conflat
2239 1120 2542 1201 fulmina,
2576 1120 2661 1189 ad

462 1222 674 1286 instar
695 1219 1011 1299 Vulcani,
1043 1240 1240 1303 quem
1281 1221 1352 1285 in
1379 1221 1588 1285 AEtua
1615 1224 1931 1304 tauquam
1974 1219 2247 1286 officina
2288 1242 2415 1289 sua
2438 1222 2663 1307 poetae

462 1322 714 1407 fingunt
737 1320 1018 1387 fulmina
1044 1321 1290 1387 cudere
1317 1320 1364 1387 J
1365 1322 1476 1389 ovi
1497 1324 1527 1389 ‘l
1620 1321 1891 1401 Quanto
1904 1322 2263 1389 modestior
2288 1331 2357 1391 et
2374 1326 2663 1409 castiga-

459 1426 594 1491 tior
622 1421 952 1501 Justinus,
981 1423 1192 1507 quiet
1232 1423 1380 1507 ipse
1405 1423 1494 1489 de
1520 1422 1721 1499 bello,
1750 1429 2069 1507 tauquam
2112 1430 2533 1509 tempestate,
2560 1426 2665 1491 lo-

467 1531 664 1591 cutus
691 1525 898 1589 simili
925 1544 1092 1591 usus
1117 1532 1230 1591 est
1255 1525 1574 1609 allegoria
1599 1525 1717 1591 lib.
1750 1540 1988 1589 xxix.
2032 1529 2055 1560 ‘
2086 1524 2337 1591 Videre
2385 1545 2459 1591 se
2504 1546 2666 1593 con-

467 1632 844 1709 surgentem
891 1628 964 1691 in
1021 1626 1222 1693 Italia
1275 1627 1524 1693 nubem
1581 1625 1767 1696 illam
1826 1628 2033 1693 tlucis
2074 1633 2142 1695 et
2185 1628 2435 1695 cruenti
2484 1628 2664 1707 belli,

463 1727 690 1793 videre
743 1731 1088 1793 tonantem
1144 1748 1228 1793 ac
1283 1726 1745 1794 fulminantem
1812 1729 1901 1793 ab
1955 1746 2205 1795 occasu
2274 1730 2665 1815 procellam,

467 1848 670 1913 quam
711 1830 780 1895 in
809 1848 1250 1914 quascunque
1307 1835 1619 1895 ter-rarum
1675 1834 1901 1913 partes
1953 1830 2249 1897 victoriae
2294 1837 2663 1915 tempestas

469 1931 794 2009 detulerit,
837 1950 1080 2015 magno
1136 1930 1388 1999 cruoris
1435 1932 1647 1997 imbre
1700 1932 1925 1998 omnia
1964 1930 2413 1997 fundaturam!
2502 1914 2663 1997 Ho‘c

466 2038 572 2123 est
596 2032 874 2099 humane
905 2032 1129 2117 loqui,
1167 2032 1298 2099 etsi
1342 2032 1799 2101 duriusculum
1847 2034 1940 2101 sit
1992 2038 2014 2071 ‘
2045 2034 2339 2101 victoriae
2385 2040 2667 2119 tempes-

467 2142 578 2199 tas
601 2132 639 2199 ε’
683 2134 844 2200 illud
873 2141 980 2201 est
1027 2134 1240 2201 nubes
1289 2139 1360 2201 et
1407 2134 1639 2201 inania
1688 2140 1986 2217 captare,
2016 2142 2085 2201 et
2134 2154 2375 2219 magno
2424 2140 2669 2201 conatu

469 2255 749 2317 magnas
801 2255 1014 2319 nugas
1055 2255 1270 2319 agere.
1358 2234 1606 2314 Qualis
1630 2232 1999 2323 πρένθυςσος
2024 2234 2137 2299 lib.
2174 2250 2286 2298 ιιι.
2312 2236 2377 2299 5.
2415 2233 2501 2299 de
2531 2235 2671 2299 Lu-

471 2336 678 2415 cullo,
710 2342 824 2402 aut
877 2345 955 2419 ut
997 2338 1117 2403 alii
1171 2336 1442 2415 rectius,
1501 2335 1765 2403 Luculli
1808 2336 2053 2401 milite:
2107 2339 2129 2371 ‘
2160 2336 2275 2422 qui
2322 2334 2669 2423 (horribile

467 2436 652 2502 dictu
677 2436 730 2523 Ξ)
772 2458 890 2523 per
915 2439 1174 2505 medias
1197 2436 1494 2504 hostiurn
1521 2456 1731 2503 naves
1762 2444 1905 2504 utre
1934 2436 2334 2523 suspensae,
2365 2444 2437 2503 et
2474 2439 2667 2521 pedi-

462 2540 594 2604 bus
619 2539 748 2605 iter
775 2541 1238 2624 adgubernans
1262 2540 1635 2606 videntibus
1664 2541 1899 2624 procul
1920 2541 2121 2624 quasi
2144 2542 2403 2607 marina
2422 2540 2667 2622 pistrix

467 2637 808 2703 evasa-aff
893 2639 1106 2705 Vides
1147 2645 1442 2723 quantos
1495 2640 1568 2702 iu
1628 2631 1919 2721 simpulo
1974 2638 2221 2704 fluctus
2274 2646 2575 2716 moveat,
2603 2644 2671 2702 et

468 2739 670 2823 quasi
719 2756 824 2803 res
879 2744 1056 2805 esset
1106 2758 1316 2823 supra
1373 2737 1685 2802 humanm
1730 2737 2053 2821 potentiae
2097 2736 2296 2801 fidem
2340 2737 2667 2814 terribilis,

468 2838 838 2918 temeraria,
873 2859 920 2904 a
945 2840 1206 2907 nemine
1235 2840 1384 2906 visa
1425 2846 1495 2905 et
1520 2844 1798 2917 tentata,
1827 2840 2087 2905 utribus
2112 2836 2389 2905 flumina
2433 2843 2503 2904 et
2528 2838 2668 2903 lon-

471 2942 686 3024 giores
730 2941 938 3007 maris
989 2946 1238 3008 tractus
1293 2946 1574 3019 nauare,
1615 2938 1975 3033 exclamet,
2035 2944 2057 2974 ‘
2078 2940 2391 3005 horribile
2416 2937 2605 3005 dictu
2630 2938 2669 3005 l'

471 3060 626 3107 cum
655 3061 768 3107 ars
793 3043 933 3107 ista
959 3042 1028 3108 in
1071 3042 1264 3107 bellis
1309 3041 1546 3107 fuisset
1591 3040 1863 3124 cognita
1910 3040 2297 3125 priusquam
2328 3040 2667 3123 'lheoguis
2740 3084 2755 3099 .

469 3148 864 3209 nasceremr.
907 3142 954 3209 J
957 3162 1067 3208 am
1093 3140 1258 3209 illud
1287 3143 1370 3209 de
1403 3143 1624 3209 Mario
1652 3143 1772 3209 lib.
1796 3158 1905 3207 111.
1924 3142 2033 3207 21.
2062 3146 2085 3177 ‘
2108 3160 2355 3216 career,
2384 3146 2663 3219 catenae,

471 3242 652 3327 fuga,
697 3244 976 3311 exilium
1003 3244 1550 3311 horrificaverant
1583 3242 1973 3327 dignitatem
2002 3240 2207 3309 Marii
2226 3240 2263 3309 τ’
2304 3241 2481 3307 etde
2515 3240 2666 3307 Gee-

473 3364 620 3411 sare
647 3346 764 3411 lib.
796 3362 900 3415 tv.
927 3346 996 3411 2.
1049 3350 1074 3383 ‘
1104 3346 1308 3429 quasi
1333 3344 1416 3411 de
1463 3344 1789 3411 industria
1836 3360 2161 3428 prospera
2190 3341 2339 3427 ejus
2369 3342 2667 3409 adversis

471 3442 924 3525 radiarentur-‚⁹
953 3459 1158 3531 quam
1188 3445 1442 3525 audax,
1471 3464 1671 3529 quam
1708 3440 2021 3528 μετέωρον..
2092 3442 2231 3509 Pro
2275 3441 2403 3507 hoc
2458 3442 2669 3511 dixis·

475 3554 622 3614 sent
675 3552 998 3629 saniores,
1055 3568 1384 3635 prospera
1435 3550 1729 3615 adversis
1776 3550 2288 3615 illustrarentur:
2348 3566 2473 3633 pro
2522 3549 2665 3625 illo,

476 3669 698 3715 carcer
726 3656 1006 3717 auxerat
1025 3648 1420 3735 dignitatem
1449 3650 1695 3731 Marii;
1739 3655 1879 3728 aut,
1910 3649 2200 3716 Marium
2233 3650 2667 3717 venerabilio-

475 3771 616 3815 rem
669 3751 1068 3820 reddiderat.
1179 3751 1508 3817 Nimirum
1567 3752 1732 3836 quia
1786 3751 2052 3819 horrore
2117 3772 2311 3820 sacro
2360 3748 2667 3837 perfundi

474 3851 800 3932 dicuntur,
823 3854 938 3935 qui
967 3851 1121 3919 loca
1150 3852 1378 3918 divina
1420 3860 1490 3917 et
1535 3858 1824 3935 augusta
1868 3854 2335 3937 ingrediuntur,
2364 3850 2667 3936 ipsisque

475 3952 650 4017 lucis
679 3961 751 4017 et
777 3952 1042 4039 templis
1067 3952 1288 4037 polites
1317 3952 1668 4035 assignant
1694 3954 2047 4032 horrorem,
2074 3960 2299 4019 noster
2326 3950 2667 4016 existima-

475 4054 574 4118 vit
601 4072 678 4117 se
705 4073 942 4136 magna
969 4074 1118 4121 cum
1147 4058 1498 4121 venustate
1527 4061 1596 4121 et
1624 4054 1955 4137 elegantia
1996 4072 2239 4119 novam
2283 4068 2482 4135 posse
2510 4053 2667 4117 voci

481 4148 838 4237 horrificam
865 4154 1408 4239 significationem
1457 4156 1811 4241 imponere,
1854 4176 1973 4239 pro
2020 4163 2159 4221 tam
2199 4158 2545 4237 augustum
2594 4165 2668 4217 et
