3234 4909
585 422 720 490 390
1293 440 1309 457 ·
1527 431 1917 481 PRAEFATIO

589 581 712 668 περὶ
741 581 936 666 ἀρετῆς
965 576 1062 640 καὶ
1084 575 1309 649 κακίας.
1396 573 1731 654 Quartum
1758 577 1827 638 et
1852 591 2077 638 eorum
2102 589 2311 654 genus
2335 571 2484 652 fuit,
2512 573 2654 658 qui,
2684 570 2771 640 ad

589 684 923 768 privatum
954 679 1321 744 studiorum
1363 697 1578 754 usum,
1628 678 1802 741 inter
1846 673 2193 759 legendum
2228 674 2595 740 laudabilia
2620 675 2774 742 loca

591 783 680 849 ad
723 803 906 849 oram
947 783 1285 859 notabant,
1314 800 1468 865 quse
1511 779 1694 866 ὥραῖα
1733 784 1804 845 et
1838 777 2111 866 χςῆσιμα
2137 775 2365 843 Graeci
2396 775 2631 846 critici
2658 795 2778 861 ap-

591 885 865 970 pellant,
887 903 1099 968 eaque
1122 883 1325 948 etiam
1367 882 1718 960 interdum,
1746 887 1819 946 ut
1844 881 2099 946 firmius
2130 879 2467 945 memoriae
2496 879 2776 946 inhaere-

591 991 756 1064 rent,
787 985 1273 1051 describebant.
1361 983 1430 1049 Ν
1433 1003 1512 1048 ec
1539 977 1851 1066 'insignes
1894 986 2149 1048 tantum
2190 981 2556 1046 sententias
2580 979 2779 1063 pleri-

591 1106 723 1171 que
749 1089 820 1152 in
847 1086 1232 1152 adversaria
1255 1105 1382 1152 sua
1408 1085 1643 1151 referre
1673 1085 1877 1163 soliti,
1908 1083 2029 1150 sed
2050 1083 2276 1160 etiam,
2301 1086 2378 1146 ut
2400 1079 2608 1146 iidem
2634 1077 2778 1146 Cri·

587 1191 706 1254 tici
733 1191 1106 1274 loquuntur,
1155 1185 1266 1252 ὅλα
1311 1189 1390 1250 τὰ
1441 1187 1778 1266 καταιβαταὶ,
1810 1187 1869 1251 si
1895 1184 2247 1250 historiam
2286 1182 2579 1268 aliquam
2606 1201 2783 1266 egre-

589 1291 767 1375 giam
795 1290 1222 1368 continerent,
1255 1295 1371 1354 aut
1412 1289 1815 1354 luculentam
1845 1286 2137 1372 alicujus
2175 1285 2331 1365 loci,
2356 1284 2455 1349 rei
2484 1292 2607 1350 aut
2630 1303 2780 1368 per-

591 1412 779 1459 sonae
849 1390 1383 1475 descriptionem.
1489 1388 1901 1469 Quinimmo,
1942 1392 2014 1451 et
2055 1389 2533 1451 consueverant
2592 1385 2780 1451 multi

589 1494 890 1572 studiosi,
910 1495 969 1556 si
993 1511 1190 1576 quem
1211 1495 1546 1556 auctorem
1572 1490 1885 1572 legerent,
1906 1495 2161 1554 retento
2185 1487 2493 1554 lectionis
2520 1485 2776 1566 ordine,

596 1595 922 1680 quicquid
953 1612 1047 1658 ex
1074 1612 1155 1658 eo
1185 1593 1570 1678 judicarent
1605 1589 2126 1676 excerpendnm,
2154 1589 2225 1655 in
2252 1587 2557 1654 codicem
2586 1607 2782 1653 suum

592 1716 907 1781 regerere,
938 1699 1007 1760 et
1035 1694 1166 1758 sibi
1195 1713 1482 1759 servare.
1529 1692 1727 1760 Unde
1757 1693 2029 1770 factum,
2056 1697 2134 1756 ut
2150 1692 2303 1756 haec
2332 1691 2403 1756 in
2428 1689 2780 1757 bibliothe-

587 1799 696 1862 cis
723 1797 1136 1881 privatorum
1165 1799 1443 1878 reperta,
1495 1813 1679 1876 saepe
1706 1811 1747 1858 a
1776 1793 2067 1858 librariis
2105 1812 2227 1876 pro
2252 1792 2523 1875 integris
2552 1797 2782 1858 aucto-

592 1918 738 1963 rum
781 1897 1093 1981 operibus
1130 1893 1473 1978 descripta
1523 1895 1796 1972 fuerint,
1845 1912 1928 1958 ac
1976 1893 2066 1958 ad
2108 1895 2582 1978 posteritatem,
2632 1896 2783 1960 aliis

595 1995 881 2062 subinde
941 2017 1026 2062 ea
1081 1996 1567 2080 excipientibus
1625 2015 1706 2060 ac
1765 1995 2325 2074 describentibuS,
2392 2000 2783 2080 propagata.

595 2099 708 2164 Ita
733 2103 1164 2164 conservatus
1191 2105 1298 2162 est
1325 2099 1727 2182 elegantium
1752 2097 2201 2182 nequitiarum
2226 2097 2516 2164 curiosis
2544 2096 2786 2163 Petro·
2824 2167 2839 2180 ‚

591 2201 741 2265 nius
769 2196 1061 2263 Arbiter.
1150 2197 1350 2278 Quod
1393 2199 1566 2264 enim
1591 2219 1685 2264 ex
1710 2199 1855 2284 ejus
1894 2197 2201 2282 Satyrico
2228 2197 2573 2278 babemus,
2600 2217 2782 2264 mera

595 2305 911 2384 excerpta
939 2306 1095 2364 sunt
1123 2298 1411 2383 alicujus
1459 2299 1768 2378 studiosi,
1800 2299 1918 2384 qui
1947 2317 2103 2382 quae
2151 2299 2239 2364 ad
2282 2306 2541 2382 gustum
2586 2319 2781 2364 suum

595 2405 663 2472 in
691 2403 809 2466 illo
841 2407 1112 2466 auctore
1139 2400 1502 2481 invenerat,
1548 2402 1789 2467 eodem
1816 2419 1953 2484 quo
2006 2420 2181 2485 opus
2223 2401 2489 2483 legebat
2528 2399 2779 2478 ordine,

596 2503 997 2568 adversariis
1028 2501 1169 2566 suis
1209 2503 1701 2568 commendavit
1726 2521 1809 2568 ac
1836 2503 2190 2568 commisit.
2280 2501 2418 2582 Qui
2445 2507 2708 2586 putant,
2741 2521 2786 2566 a

597 2603 946 2670 monachis
995 2603 1096 2668 sic
1154 2603 1478 2670 eviratum
1525 2623 1694 2682 esse,
1747 2604 2169 2669 vehementer
2211 2609 2451 2668 errant.
2538 2601 2785 2682 Qualis

593 2707 742 2770 baec
771 2705 1092 2770 castratio
1121 2703 1311 2782 foret,
1343 2723 1521 2787 qum,
1569 2704 1846 2770 resectis
1894 2724 1939 2770 a
1986 2705 2248 2788 reliquo
2276 2723 2555 2788 corpore
2586 2721 2785 2769 mem-
2892 2693 2901 2700 ’

597 2807 760 2885 bris,
792 2804 903 2871 vel
927 2807 1155 2890 potius
1182 2806 1335 2887 ipso
1361 2823 1647 2887 corpore
1694 2803 1990 2888 abjecto,
2046 2805 2229 2869 solas
2256 2803 2605 2888 pudendas
2634 2823 2782 2888 par-

599 2913 703 2970 tes
729 2906 1077 2990 reliquisse
1093 2906 1400 2971 videatur
1415 2907 1445 2969 ‘l
1493 2906 1711 2984 Certe,
1741 2925 1893 2989 quse
1922 2905 2407 2984 desiderantur,
2430 2905 2552 2970 vix
2576 2908 2786 2973 videri

595 3013 888 3089 possunt
909 3006 1235 3072 salaciora
1263 3024 1346 3071 ac
1371 3007 1689 3090 nequiora
1732 3007 1945 3072 fuisse
1992 3007 2097 3072 his
2124 3025 2281 3090 quoe
2330 3005 2562 3072 relicta
2604 3017 2783 3076 sunt.

601 3107 814 3172 Immo
841 3109 980 3171 ista
1013 3107 1261 3172 nullam
1303 3106 1731 3189 procacitatis
1760 3115 1831 3172 et
1855 3109 2315 3191 protervitatis
2342 3111 2649 3195 ὕπερβολὴν
2675 3112 2786 3177 vel

597 3207 766 3292 ipsis
791 3209 1145 3273 lenonibus
1171 3208 1617 3290 usurpandam
1648 3210 1975 3293 reliquam
2001 3210 2279 3276 faciunt.
2372 3211 2507 3276 Sed
2534 3211 2639 3276 bis
2666 3231 2787 3278 ex-

599 3314 978 3393 cerptorum
1008 3307 1590 3376 concinnatoribus
1630 3309 1829 3375 facile
1870 3311 2370 3393 ignoscendum,
2390 3311 2485 3374 »si
2506 3308 2673 3393 quid
2700 3331 2789 3376 ea

599 3431 810 3478 causa
837 3410 1204 3475 detrimenti
1235 3429 1441 3494 passa
1489 3420 1594 3477 est
1622 3412 1841 3496 Resp.
1866 3412 2179 3479 literaria.
2268 3411 2431 3478 Non
2456 3413 2632 3477 einim
2658 3412 2789 3477 boc

599 3512 1018 3596 propositum
1045 3510 1351 3576 videntur
1376 3512 1711 3590 habuisse,
1758 3517 1833 3577 ut
1878 3527 2226 3599 excerpta,
2271 3533 2425 3599 qum
2460 3512 2547 3580 ad
2590 3533 2785 3580 usum

599 3632 796 3678 suum
822 3613 1341 3697 exscripserant‚
1369 3613 1657 3698 posteris
1704 3613 2003 3696 legenda,
2046 3615 2199 3680 loco
2226 3621 2573 3683 auctorum
2600 3615 2789 3700 ipso-

599 3733 769 3792 rum,
801 3715 1287 3779 substituerent.
1350 3712 1457 3778 De
1485 3715 1783 3799 reliquis,
1811 3716 2055 3800 quibus
2080 3722 2362 3802 apparet
2378 3715 2557 3782 hnc
2584 3715 2787 3782 anirni

601 3821 888 3880 mentem
916 3813 1156 3892 fuisse,
1193 3821 1275 3878 ut
1323 3831 1446 3897 pro
1471 3815 1859 3881 auctoribus
1901 3815 2299 3902 legerentur,
2324 3836 2501 3901 quos
2530 3817 2787 3901 compi-

597 3917 915 3994 laverant,
943 3915 1331 3995 videndum,
1362 3935 1448 3981 an
1474 3917 1741 3983 omnino
1766 3918 1837 4000 hi
1858 3925 2055 3986 extra
2080 3919 2370 4003 culpam.
2432 3917 2791 3985 Nonnemo

603 4023 780 4084 certe
827 4037 950 4084 eos
987 4026 1289 4096 accusat,
1335 4037 1613 4104 reosque
1660 4021 1916 4106 peragit
1962 4022 2145 4088 illius
2184 4021 2459 4090 incuriae
2488 4037 2641 4104 qum
2686 4023 2791 4085 tot

599 4123 965 4204 praeclaros
1015 4120 1212 4188 nobis
1264 4121 1544 4188 abstulit
1591 4122 1977 4206 scriptores.
2065 4123 2213 4206 Ego
2242 4141 2400 4188 vero
2450 4120 2791 4208 Epitoma-

603 4229 804 4302 tores,
862 4227 932 4289 et
981 4242 1212 4290 omnes
1263 4223 1587 4310 ejusmodi
1637 4221 2129 4290 Breviariorum
2174 4223 2683 4308 compositores,
2724 4226 2795 4288 ot
