3234 4909
535 325 626 392 24
1427 341 1544 388 ,ΒΕ
1591 340 1835 390 nono

538 481 844 549 Alterum
851 485 977 560 est,
989 482 1300 548 codicum
1312 487 1604 548 veterum
1624 483 1983 568 scriptura,
1996 485 2067 550 in
2078 486 2327 569 quibus
2342 507 2479 552 non
2494 482 2735 566 Julius,

538 585 661 651 sed
722 581 808 648 L.
855 582 1128 648 Annam
1177 579 1402 648 Florus
1443 593 1826 651 constanter
1866 587 2269 670 indigitatur.
2358 587 2555 652 Unde
2598 589 2736 654 col-

532 691 868 776 ligendum
896 689 1226 757 doctiores
1253 691 1610 757 voluerunt
1636 711 1729 756 ex
1760 691 2101 774 Hispania
2126 691 2474 756 oriundum
2502 690 2739 770 fuisse,

535 800 608 858 et
652 795 946 859 fortasse
991 813 1076 858 ex
1128 793 1289 877 ipsa
1329 791 1755 872 Annaeorum,
1797 793 1870 858 id
1912 800 2035 872 est,
2082 792 2481 858 Senecarum
2522 801 2739 875 gente.

536 893 884 981 Quicquid
925 895 1160 964 horum
1189 897 1300 975 sit,
1330 896 1514 981 quod
1543 916 1669 962 nos
1714 896 1785 960 in
1826 895 2049 962 medio
2074 897 2549 980 relinquemu8‚
2576 895 2743 960 illud

533 1000 791 1066 interim
811 1006 1033 1064 ratum
1061 1003 1210 1064 esto
1231 1019 1251 1079 3
1295 1000 1630 1085 egregium
1658 1019 1831 1085 opus
1856 1019 2005 1064 esse
2019 999 2143 1064 hos
2164 999 2309 1082 ejus
2339 1002 2627 1083 quatuor
2646 999 2741 1062 rei

536 1100 867 1168 Romanae
913 1103 1148 1168 libros.
1236 1099 1430 1180 Quos
1459 1103 1578 1187 qui
1620 1102 2083 1186 compendium
2112 1103 2292 1168 Livii
2336 1111 2454 1168 aut
2479 1102 2739 1168 brevia-

533 1203 707 1268 rium
734 1203 1018 1284 faciunt‚
1047 1205 1154 1271 vel
1184 1225 1293 1285 eo,
1315 1211 1559 1290 praeter
1581 1213 1827 1286 cetera,
1855 1207 2160 1289 redargui
2186 1206 2527 1284 existimo,
2554 1204 2741 1289 quod

533 1304 607 1369 in
633 1307 722 1371 iis
752 1326 797 1371 a
825 1305 1025 1372 Livio
1045 1326 1502 1391 saepenumero
1521 1309 1723 1374 abeat
1744 1327 1827 1373 ac
1860 1310 2069 1373 variet
2096 1308 2451 1374 sententia.
2502 1307 2743 1372 Potius

531 1409 742 1472 totius
787 1409 1056 1492 imperii
1101 1409 1400 1475 florentis
1446 1411 1748 1475 tabulam
1790 1410 2311 1494 appellabimus,
2363 1428 2517 1475 cum
2563 1427 2739 1492 pree·

531 1509 755 1575 sertim
784 1510 937 1594 ipse
967 1511 1036 1576 in
1063 1511 1342 1596 prologo
1381 1533 1509 1579 suo
1535 1514 1827 1580 fateatur
1856 1533 1931 1578 se
1960 1514 2047 1579 ad
2077 1515 2457 1598 exemplum
2486 1531 2743 1590 eorum,

531 1612 646 1695 qui
674 1617 989 1679 terrarum
1018 1614 1188 1680 situs
1211 1616 1517 1700 pingunt,
1556 1619 1626 1684 in
1652 1618 1841 1684 brevi
1870 1617 2067 1701 quasi
2092 1617 2336 1682 tabella
2360 1617 2743 1682 universam

529 1712 792 1798 imperii
817 1716 1178 1800 imaginem
1207 1737 1291 1784 ac
1316 1721 1827 1804 magnitudinem
1854 1721 1944 1786 ob
1976 1719 2213 1786 oculos
2236 1719 2570 1804 posuisse.

765 1957 875 2022 Ex
901 1957 1198 2043 Prologo
1227 1957 1497 2025 Claudii
1527 1958 1849 2025 Salmasii
1873 1958 1945 2023 in
1969 1957 2051 2024 L.
2078 1955 2168 2023 A.
2198 1957 2501 2022 Florum.

615 2127 831 2212 Super
871 2133 1147 2194 auctore
1189 2127 1392 2214 hujus
1433 2128 1949 2213 elegantissimae
1978 2127 2319 2212 Epitomae
2352 2123 2517 2192 nihil
2544 2123 2745 2190 nobis

531 2235 946 2314 compertum
973 2237 1106 2310 est,
1125 2229 1312 2314 quod
1330 2231 1454 2297 viri
1477 2230 1661 2298 docti
1688 2249 1825 2297 non
1838 2230 2085 2310 norint,
2104 2235 2307 2315 atque
2328 2228 2465 2312 ipsi
2484 2224 2747 2313 pridem

531 2332 984 2412 observarint3
1027 2351 1152 2396 nec
1181 2339 1320 2396 tam
1359 2349 1651 2396 necesse
1679 2337 1785 2398 est
1822 2351 1951 2398 nos
1992 2351 2151 2398 eum
2178 2333 2509 2414 ignorare,
2538 2347 2745 2413 quam

529 2433 728 2498 bonis
757 2431 1185 2515 conjecturisi,
1212 2450 1332 2515 per
1349 2451 1522 2514 quas
1551 2433 1761 2496 sinon
1781 2450 2009 2498 verum
2042 2433 2304 2510 elicere,
2325 2432 2500 2496 falsa
2518 2437 2747 2496 tamen

529 2535 817 2600 refutare
858 2533 1225 2618 possimus,
1267 2533 1480 2598 inuiti.
1569 2533 1679 2612 Et,
1710 2539 1785 2599 ut
1824 2553 2058 2602 verum
2086 2535 2431 2612 fateamur,
2474 2531 2745 2598 facilins

528 2655 890 2721 possumus
933 2635 1230 2701 invenire
1269 2634 1464 2719 cujus
1491 2654 1627 2701 non
1652 2635 1767 2713 sit,
1800 2654 2002 2718 quam
2030 2635 2229 2720 cujus
2256 2633 2497 2700 sithoc
2524 2651 2701 2716 opus
2734 2653 2751 2698 ε

503 2739 592 2807 -si
631 2739 764 2804 hoc
811 2739 1112 2808 invenire
1157 2743 1285 2815 est,
1329 2756 1601 2822 semper
1648 2736 2017 2820 quoerendo
2059 2737 2382 2802 laborare.
2470 2735 2557 2800 In
2598 2735 2745 2819 qui-

529 2841 822 2906 busdam
850 2838 1196 2904 veteribus
1225 2840 1294 2901 et
1319 2855 1518 2902 manu
1543 2837 1847 2902 exaratis
1871 2836 2065 2902 libris
2095 2835 2409 2919 quaedam
2431 2837 2745 2918 leguntur

531 2944 660 3009 sub
687 2941 950 3026 prologi
976 2941 1199 3019 titulo,
1223 2937 1306 3003 de
1325 2936 1544 3004 Lucio
1560 2935 1825 3002 Annaeo
1842 2936 2127 3017 Seneca,
2140 2941 2211 3004 et
2229 2935 2450 3002 Lucio
2476 2934 2743 3004 Annaeo

533 3043 756 3125 Mela3
797 3061 954 3128 quae
983 3044 1213 3126 inepta
1239 3049 1312 3108 et
1339 3042 1558 3108 aliena
1583 3060 1735 3106 esse
1760 3039 1961 3108 facile
1990 3059 2242 3119 omnen,
2272 3040 2393 3124 qui
2419 3039 2743 3124 legerunt,

530 3149 797 3229 vident3
839 3167 996 3232 quae
1045 3145 1280 3231 qualia
1324 3145 1460 3210 sint
1495 3150 1570 3211 ut
1613 3143 1935 3224 sciamus,
1978 3144 2079 3214 ita
2120 3144 2439 3228 prologus
2468 3145 2743 3228 incipit:

533 3257 564 3320 ‘.
577 3250 779 3318 Anno
835 3247 1294 3316 tertiodecimo
1352 3245 1781 3332 Olympiadis
1837 3246 2087 3314 Lucius
2139 3245 2443 3312 Annaeus
2514 3245 2743 3314 Melas

529 3354 730 3420 frater
753 3352 1046 3428 ,Senecae
1097 3356 1168 3417 et
1209 3349 1546 3416 Gallionis
1606 3350 1786 3414 bona
1828 3348 2096 3414 Lucani
2137 3347 2365 3433 poetae
2408 3347 2530 3414 filii
2560 3349 2666 3414 sui
2696 3368 2743 3415 a

533 3455 810 3523 Nerone
837 3450 1245 3538 promeruit!
1331 3451 1513 3518 Haec
1543 3451 1869 3518 verbatim
1900 3450 2247 3538 descripta
2280 3472 2373 3518 ex
2403 3451 2743 3536 Hierony·-

527 3577 664 3638 mo,
697 3563 768 3622 et
792 3556 1176 3641 turpissimo
1201 3555 1443 3622 mendo
1479 3555 1872 3623 deformata.
1902 3555 2318 3639 Legendum:
2362 3576 2527 3620 anno
2554 3553 2741 3620 tertio

530 3658 862 3728 undecima
895 3655 1290 3744 Olympiadis
1313 3679 1503 3743 supra
1534 3657 2028 3726 ducentesimam,
2094 3659 2239 3724 Hie
2258 3661 2477 3724 autem
2495 3656 2751 3732 lunius

537 3763 764 3830 Gallio
793 3761 860 3826 in
887 3760 1354 3826 vetustissimo
1381 3761 1619 3828 codice
1644 3761 1927 3828 Eusebii
1939 3760 2273 3826 Palatinae
2295 3759 2737 3826 Bibliothecae

531 3871 811 3932 vocatur
839 3858 1076 3926 Junius
1107 3860 1378 3928 Annam
1409 3859 1655 3932 Gallio.
1742 3863 1883 3930 Sed
1924 3869 2003 3930 ut
2043 3861 2133 3929 ad
2174 3881 2315 3928 rem
2356 3863 2738 3939 redeamus,

531 3966 730 4052 hujus
787 3967 1167 4052 compendii
1219 3985 1352 4032 non
1407 3987 1616 4052 posse
1682 3974 2025 4035 auctorem
2088 3965 2225 4033 dici
2282 3965 2361 4032 L.
2402 3962 2739 4030 Annoeum

531 4069 877 4150 Senecam,
925 4077 1047 4137 aut
1093 4069 1174 4136 L.
1201 4067 1536 4137 Annaeum
1586 4070 1865 4150 Melam,
1901 4069 2055 4154 plus
2100 4068 2271 4134 satis
2312 4068 2573 4134 clarum
2614 4072 2739 4134 est·

531 4169 816 4238 Veteres
837 4171 1112 4257 quidam
1136 4173 1312 4255 libri,
1331 4177 1406 4240 ut
1433 4173 1614 4240 illius
1636 4171 1885 4240 indicio
1915 4170 2411 4257 cognoscimus,
2433 4169 2552 4256 qni
2580 4187 2738 4255 pro-
