3234 4909
898 441 964 489 ι..
1015 442 1274 491 amun
1327 444 1550 493 raom
1603 446 1750 495 mn.
1800 446 1851 497 1.
1897 448 2061 497 oar.
2106 433 2215 501 16.

453 582 611 633 Salm.
652 582 706 631 in
745 583 852 633 Sol.
890 596 942 647 p.
987 587 1102 635 882.
1152 584 1223 634 1).
1271 590 1322 635 2.
1375 584 1518 651 quib·

454 659 594 711 adde
612 662 808 715 sustin.
846 667 898 713 ⁹.
923 666 978 723 4,
1003 667 1052 713 1.
1081 666 1162 727 u,
1185 668 1269 728 11,
1285 668 1338 715 4.
1361 668 1447 727 1⁸,
1467 668 1522 727 ἱ,

453 740 534 787 lo.
555 741 638 801 28,
662 742 712 801 1,
735 742 818 790 1⁵.
843 746 900 791 et
919 740 1194 805 Papinian.
1215 742 1268 791 in
1283 741 1322 792 1.
1343 745 1424 792 ls.
1447 740 1518 791 de

417 839 422 843 ·
451 814 630 878 adopt.
681 816 770 866 Fr.
834 818 1134 884 ‘Denique’
1168 818 1256 869 bie
1289 826 1406 869 est:
1439 820 1520 869 Ut

449 891 632 955 paneis
655 890 858 944 dicam:
901 901 963 944 nt
983 894 1146 945 verbo
1169 894 1358 958 dicam,
1377 895 1517 946 unde

449 969 651 1036 reliqua
693 970 917 1035 intelligi
955 972 1175 1036 possint.
1228 971 1409 1022 Groev.
1449 970 1518 1021 ad

451 1044 564 1095 Cic.
608 1060 664 1097 x.
706 1046 807 1111 Ep.
845 1048 1028 1099 Famil.
1073 1052 1155 1099 1⁰.
1193 1058 1250 1100 et
1281 1048 1348 1099 ad
1369 1048 1517 1099 Suet.

452 1120 590 1185 Aug.
617 1134 791 1174 xxm.
817 1122 958 1189 Md.
978 1125 1096 1177 Jac.
1115 1121 1426 1175 Gothofred.
1447 1122 1516 1173 ad

450 1198 486 1247 1.
502 1201 584 1249 81.
599 1199 672 1249 D.
694 1199 764 1249 de
787 1201 852 1250 R.
873 1202 926 1253 J.
950 1200 1187 1253 Freinsh.
1217 1200 1287 1250 ad
1315 1200 1438 1250 Tac.
1473 1212 1516 1251 1.

448 1273 516 1324 A.
546 1279 630 1326 28.
671 1282 729 1325 et
764 1276 820 1327 in
842 1277 960 1329 Iud.
999 1280 1160 1331 F'lori.
1204 1278 1518 1344 stingum,

449 1363 602 1414 quem
641 1351 726 1401 hic
749 1353 919 1417 tangit
951 1355 1113 1407 Salm.
1145 1355 1213 1405 ad
1241 1355 1384 1406 Veli.
1406 1369 1448 1405 1.
1466 1359 1517 1405 4.

447 1425 652 1492 scribit,
673 1442 732 1477 se
753 1428 830 1479 ita
852 1431 1132 1481 emendare
1153 1446 1187 1481 e
1205 1429 1353 1481 libris
1376 1436 1518 1481 vete·

448 1500 608 1553 ribus.
679 1502 802 1555 Non
842 1506 954 1555 seio
995 1506 1086 1571 qui
1121 1507 1228 1557 sint
1265 1507 1322 1557 ni
1373 1506 1514 1570 libri,

446 1578 576 1627 nulli
598 1592 799 1640 eorum,
821 1580 910 1644 qni
931 1580 1086 1632 Floro
1121 1596 1304 1633 manus
1339 1581 1514 1633 admo·

446 1661 656 1714 verunt,
677 1656 972 1707 memorati.

512 1730 822 1795 Bisfloribtu
837 1734 1026 1799 mu]
1041 1733 1279 1785 Floribus
1303 1736 1516 1800 gignen-

445 1804 528 1855 dis
573 1806 656 1857 bis
693 1807 856 1858 habet
899 1822 1008 1859 ver.
1074 1810 1152 1860 Ut
1190 1809 1516 1862 ‘hibernam’

446 1896 546 1945 pro
563 1880 752 1945 hieme,
773 1884 852 1933 ita
882 1890 942 1936 et
973 1885 990 1914 ⁸
1009 1885 1241 1935 vernum’
1271 1900 1368 1950 pro
1389 1900 1514 1937 vere

449 1958 708 2021 absolute,
728 1958 852 2010 dnm
868 1959 1186 2025 subintelligi
1193 1968 1276 2011 tur
1291 1968 1514 2027 tempus.

446 2034 550 2086 Sed
577 2042 636 2085 ut
673 2036 690 2067 ‘
706 2035 1000 2087 hibernare'
1026 2044 1084 2087 et
1123 2036 1402 2088 ‘hiemare’
1425 2052 1514 2088 an-

446 2128 540 2165 nus
564 2113 763 2165 dicitnr
784 2116 990 2177 Latine,
1020 2129 1140 2166 cum
1179 2114 1395 2165 ‘hiems’
1431 2120 1517 2166 est

450 2192 572 2241 anni
591 2209 606 2253 ;
627 2192 705 2242 ita
722 2198 780 2241 et
802 2196 818 2223 ⁸
836 2190 1088 2255 vernare,’
1112 2206 1228 2241 eum
1249 2197 1332 2241 est
1351 2192 1368 2220 ‘
1385 2191 1515 2242 ver!

449 2266 524 2317 At
544 2268 730 2318 coelnm
753 2268 832 2318 bis
850 2275 1053 2331 vernat,
1087 2282 1204 2318 cnm
1225 2267 1308 2318 bis
1328 2282 1422 2317 ver
1439 2267 1516 2319 fa-

447 2344 536 2393 cit.
623 2342 908 2394 Possumus
949 2352 1126 2394 tamen
1167 2342 1286 2393 heic
1327 2344 1515 2395 intelli-

449 2432 592 2483 gere,
615 2420 953 2485 Campaniam
977 2420 1056 2469 bis
1085 2433 1300 2483 venare,
1317 2420 1398 2470 bis
1419 2435 1516 2471 ver

448 2495 660 2547 habere.
690 2496 708 2525 ‘
725 2495 870 2547 Coelo
909 2496 1036 2546 nihil
1073 2495 1320 2546 mollius.’
1381 2496 1515 2547 Inde

446 2580 550 2635 est,
563 2572 703 2637 quod
725 2573 806 2624 bis
829 2578 1014 2623 vernat
1035 2572 1340 2638 Campania.
1392 2570 1516 2623 Alia

447 2656 528 2699 est
546 2648 858 2713 significatio
891 2648 1038 2699 verbi
1069 2662 1288 2709 omre,
1309 2646 1374 2698 de
1408 2648 1515 2698 avi·

444 2722 542 2774 bus
565 2724 977 2787 cantillantibns‚
999 2739 1084 2788 ap.
1101 2724 1318 2775 Poeta.
1351 2723 1514 2774 Ovid.

443 2800 460 2831 ‘
482 2801 660 2851 Docili
686 2807 899 2865 gutture
922 2806 1108 2851 vernat
1129 2799 1274 2851 avis!
1336 2800 1514 2850 Εὐστο-

442 2878 539 2937 μεΐ.
607 2877 746 2930 Quia
777 2890 901 2925 vere
935 2876 1098 2941 magis
1120 2874 1357 2939 garriunt
1378 2891 1514 2927 aves.

446 2950 531 3001 An
555 2966 586 3001 a
609 2952 784 3002 vernis
823 2951 1018 3015 pueris,
1053 2964 1272 3017 quornm
1294 2953 1514 3017 garruli-

445 3036 530 3078 tas
556 3028 754 3092 placuit
777 3028 1063 3079 veteribus.
1128 3027 1284 3078 Unde
1307 3035 1362 3079 et
1402 3042 1515 3080 ver·

441 3104 574 3154 nalis
613 3103 900 3168 urbanitas,
929 3104 1326 3154 vernaculorum
1349 3103 1512 3155 dicta.

443 3180 548 3229 Sal.
615 3179 769 3231 Adde
787 3181 982 3231 Chi-on.
1014 3179 1290 3231 AltissIod.
1317 3195 1442 3245 pag.
1463 3186 1514 3232 ὅ.

445 3255 499 3305 b.
537 3260 592 3304 et
635 3253 860 3305 Aristot.
907 3254 1099 3305 Min-ab.
1138 3268 1254 3319 cap.
1289 3260 1376 3307 67.
1421 3258 1512 3307 Fr.

454 3330 660 3380 Vei-aum
700 3344 796 3394 pro
837 3337 1078 3395 tempore
1111 3344 1274 3379 verno
1303 3336 1390 3380 est
1429 3346 1514 3395 ap.

446 3406 634 3455 Caton.
675 3404 742 3453 de
784 3405 848 3455 R.
897 3406 965 3457 R.
1005 3416 1222 3456 cxxxn.
1275 3406 1293 3434 ‘
1318 3404 1516 3455 Postea

446 3492 605 3529 verno
651 3492 801 3529 arare
835 3478 1090 3543 incipito.’
1161 3480 1374 3529 Verum
1394 3485 1516 3533 ten·

439 3569 536 3618 pus
571 3554 702 3605 dicit
742 3554 915 3605 Poeta
951 3556 1003 3605 in
1051 3555 1233 3605 Colice
1275 3554 1366 3603 fin.
1400 3556 1417 3584 ‘
1443 3556 1516 3606 Et

449 3645 796 3697 quoscumque
809 3637 1006 3681 novant
1023 3628 1299 3679 vernantia
1313 3636 1516 3694 tempo-

445 3722 506 3759 ra
526 3707 720 3759 flores!
775 3707 888 3758 “Sed
913 3716 970 3759 et
993 3705 1147 3757 flores
1183 3706 1283 3771 ipsi
1315 3720 1517 3757 venare

447 3785 723 3835 dicuntur:
762 3798 818 3836 V.
857 3782 1046 3835 Heius.
1085 3783 1154 3833 ad
1198 3782 1304 3833 0v.
1341 3794 1416 3835 w.
1454 3783 1514 3836 F.

444 3864 562 3914 ⁴29.
630 3860 812 3911 Ovidii
851 3862 998 3912 locus
1017 3874 1103 3925 ap.
1124 3859 1285 3910 Salm.
1322 3865 1406 3909 est
1427 3873 1516 3911 111.

445 3936 534 3986 Tr.
557 3940 636 3986 12.
658 3941 708 3987 8.
728 3936 816 3987 ubl
836 3936 1033 4001 legitur
1051 3936 1266 3987 indocili.

517 4012 662 4061 Nihil
689 4011 884 4063 uberius
918 4012 1038 4075 solo]
1068 4013 1256 4075 Varro,
1289 4010 1381 4062 ubi
1403 4010 1515 4063 Ita·

449 4086 572 4137 liam
607 4088 836 4153 extollit,
867 4090 1138 4153 praecipue
1177 4088 1516 4154 Campaniam

447 4163 648 4213 laudat.
671 4164 760 4214 lib.
778 4169 824 4216 1.
845 4164 915 4214 de
938 4166 1004 4215 R.
1021 4165 1088 4214 R.
1105 4168 1288 4229 caps.
1317 4166 1334 4194 ‘
1359 4164 1516 4218 Quod

449 4238 532 4288 far
553 4236 1134 4305 conferam'campano?
1165 4239 1302 4305 quod
1333 4242 1516 4292 vinum

456 4314 716 4367 Falerno?
737 4317 874 4383 quod
897 4317 1066 4369 oleum
1090 4316 1372 4369 Venafro?
1397 4332 1516 4369 nam

2528 438 2660 503 541

1593 592 1651 637 et
1680 587 1785 638 ista
1816 594 1941 640 sunt
1968 589 2255 656 campana.
2322 592 2542 657 Iterum,
2570 600 2660 656 11.

1593 664 1791 715 Berum
1835 666 2223 719 Humanarumz
2278 670 2297 699 ⁸
2333 670 2421 721 Ad
2460 671 2661 723 victum

1591 742 1793 806 optima
1812 742 1941 807 fert,
1974 760 2101 811 ager
2119 746 2415 811 Campanus
2436 746 2663 799 frumen-

1591 822 1723 881 tum,
1754 820 2003 871 Falernus
2024 822 2237 875 viuum!
2305 823 2481 874 Livius
2504 828 2554 875 7.
2578 828 2663 890 38,

1591 899 1644 946 V.
1679 897 1697 926 ‘
1728 896 1931 962 Agrum
1964 898 2133 950 Italiae
2172 901 2512 968 uberrimum,
2546 903 2663 968 dig-

1590 984 1713 1021 nam
1734 986 1861 1037 agro
1879 974 2099 1025 urbem.’
2132 976 2224 1027 Fr.

1656 1048 1825 1100 Liberi
1862 1052 2143 1116 Cererisque
2174 1051 2435 1116 mm]
2468 1052 2557 1104 Sic
2592 1052 2661 1104 de

1591 1124 1879 1189 Campania
1899 1126 2042 1178 Plin.
2060 1140 2149 1178 ιιι.
2171 1128 2244 1179 1-1.
2264 1129 2337 1179 N.
2359 1134 2411 1179 6.
2435 1142 2522 1194 ap.
2544 1130 2661 1179 Sta-

1591 1199 1757 1265 dium,
1786 1203 1805 1231 ‘
1836 1202 1915 1252 Ut
1942 1210 2151 1255 veteres
2178 1204 2378 1269 dixere,
2406 1218 2659 1255 summum

1591 1277 1770 1329 Liberi
1787 1278 1965 1330 Patris
1986 1294 2104 1330 cum
2126 1281 2324 1331 Cerere
2352 1281 2661 1331 certamen?

1593 1353 1801 1419 Nempe
1822 1356 1944 1421 qnia
1972 1363 2081 1406 tam
2108 1354 2305 1407 fertilis
2326 1363 2441 1408 erat
2460 1358 2573 1409 vini
2596 1373 2659 1408 ac

1588 1420 1861 1492 frnmmffl,
1892 1436 1954 1481 ut
1974 1431 2189 1482 dubium
2210 1432 2483 1484 videretur
2502 1434 2659 1485 Libe-

1587 1505 1635 1554 ri
1668 1520 1735 1555 an
1756 1506 1967 1557 cereris
2004 1505 2081 1557 ibi
2102 1508 2302 1572 majora
2332 1515 2512 1560 essent
2546 1524 2659 1561 mu·

1586 1593 1734 1639 nera,
1767 1579 1950 1632 fabula
1983 1580 2271 1649 ferebatur,
2300 1585 2447 1635 Deos
2486 1573 2559 1636 de*
2596 1602 2662 1639 ea
2702 1586 2712 1597 “

1585 1655 1723 1707 inter
1744 1671 1801 1708 se
1821 1659 2188 1722 contendisse3
2224 1667 2285 1711 ut
2304 1660 2390 1712 hic
2414 1676 2447 1711 e
2470 1662 2658 1727 Polyb.

1587 1746 1678 1785 m.
1714 1739 1796 1785 91.
1830 1734 2049 1787 adnotat
2084 1736 2370 1801 Rupertns.
2432 1738 2451 1767 ⁸
2475 1738 2662 1791 Certa·

1586 1810 1738 1859 men'
1780 1825 1877 1875 pro
1920 1826 1999 1875 re,
2044 1812 2111 1862 de
2163 1828 2267 1879 qua
2308 1820 2565 1877 certatur,
2595 1823 2658 1866 nt

1583 1883 1602 1912 ‘
1619 1886 1988 1949 nenium-inm?
2012 1902 2107 1953 pro
2128 1902 2215 1951 eo,
2234 1888 2373 1954 quod
2396 1889 2661 1940 desidera-

1586 1970 1697 2027 tur,
1718 1978 1801 2029 ap.
1826 1965 1939 2016 Cic.
1957 1978 2073 2017 xxv,
2115 1965 2261 2017 Fam.
2276 1970 2325 2016 2.
2355 1966 2373 1996 ‘
2394 1965 2658 2029 Amores,’

1587 2054 1685 2105 pro
1706 2054 1793 2104 eo,
1828 2040 1919 2107 qui
1942 2048 2161 2103 amatur,
2199 2041 2375 2092 catal.
2399 2042 2572 2093 carm.
2597 2054 2654 2091 x.

1587 2122 1645 2165 et
1667 2116 1810 2167 alibi.

1654 2193 1702 2257 §.
1725 2196 1758 2244 4
1785 2192 1928 2243 Nihil
1942 2192 2225 2256 hospitalius
2242 2190 2395 2256 mn‘]
2442 2191 2530 2243 ob
2552 2192 2657 2243 fre-

1585 2268 1857 2333 quentiam
1927 2268 2311 2320 commodorum
2393 2276 2657 2332 portuum.

1588 2344 1711 2395 Non
1750 2342 1892 2394 euim
1945 2343 2178 2395 homines
2234 2346 2439 2396 tantum
2482 2345 2660 2409 hospi·

1586 2420 1739 2480 tales,
1772 2419 1865 2469 sed
1908 2422 2070 2472 etiam
2106 2422 2245 2472 locs.
2310 2420 2465 2471 Unde
2488 2422 2659 2472 inhos-

1583 2497 1699 2561 pita
1721 2502 1926 2562 tesqua,
1950 2495 2164 2548 deserta
2194 2504 2253 2548 et
2286 2498 2435 2547 cultu
2470 2512 2657 2559 vacua,

1584 2588 1649 2623 ae
1672 2574 1892 2638 proinde
1916 2574 2233 2639 accipiendis
2246 2572 2543 2624 hominibus
2564 2588 2657 2639 pa-

1585 2664 1699 2701 rum
1720 2649 1925 2702 idonea.
1969 2650 2058 2701 Ita
2078 2657 2138 2702 et
2156 2650 2455 2715 ‘inhospita
2470 2650 2657 2701 maria’

1583 2725 1694 2777 dici
1715 2734 1927 2792 queant,
1960 2740 2177 2793 quorum
2198 2727 2346 2778 littus
2368 2726 2657 2791 importuo-

1584 2818 1699 2853 sum
1736 2811 1793 2854 et
1826 2818 2044 2854 accessu
2081 2800 2313 2855 difficile.
2376 2802 2465 2853 Sic
2496 2804 2655 2853 etiam

1585 2880 1781 2943 εὕεωυς
1830 2880 2017 2945 πόντος,
2057 2880 2147 2946 qui
2188 2880 2311 2930 olim
2352 2876 2545 2942 Εξεινοε,
2578 2880 2657 2929 in·

1580 2956 1879 3021 hospitalis:
1912 2957 1929 2985 ‘
1956 2956 2146 3007 Dictus
2169 2956 2237 3005 ab
2261 2955 2489 3021 antiquis
2514 2954 2657 3005 Axe-

1582 3046 1683 3081 nus
1721 3032 1813 3082 ille
1846 3029 1987 3083 fuit-⁹
2052 3030 2159 3083 Sed
2198 3038 2419 3096 propter
2461 3030 2656 3080 incola-

1584 3120 1699 3156 rum
1720 3106 2033 3170 barbariem,
2066 3120 2175 3156 non
2195 3105 2264 3156 ob
2288 3112 2529 3169 portuum
2566 3118 2653 3169 pe-

1583 3183 1805 3245 nuriam,
1836 3183 1917 3233 ita
1953 3182 2273 3245 appellatum
2310 3178 2509 3231 volunt.
2576 3180 2655 3230 Eo

1585 3263 1761 3307 tamen
1784 3258 2076 3321 respexisse
2100 3264 2229 3321 puto
2261 3256 2399 3306 bunc
2422 3254 2655 3318 Florum,

1585 3346 1706 3382 oum
1762 3332 1891 3382 nihil
1944 3332 2255 3397 hospitalius
2304 3332 2456 3396 mari,
2512 3330 2655 3396 quod

1585 3407 1921 3470 Campaniam
1944 3407 2112 3470 alluit,
2144 3420 2259 3457 esse
2288 3405 2442 3457 dixit.
2504 3406 2657 3456 Οὐδὲν

1586 3482 1903 3546 denhem.
1969 3482 2132 3535 Quasi
2154 3482 2335 3532 melius
2356 3480 2411 3532 id
2434 3482 2656 3533 nominis

1585 3568 1895 3621 mereretur,
1930 3572 2085 3623 quam
2119 3558 2204 3608 cul
2236 3558 2415 3609 Greci
2446 3558 2547 3609 hoc
2579 3559 2655 3609 in·

1587 3632 1736 3696 signe
1778 3632 2039 3683 dederunt
2079 3646 2385 3696 cognomen.
2460 3632 2655 3697 Hospi-

1587 3708 1739 3771 tium,
1782 3721 1877 3771 pro
1917 3708 2203 3759 diversorio
2248 3722 2311 3758 ae
2352 3708 2654 3774 κπαγηίῳ,

1585 3784 1748 3835 etiam
1768 3784 1943 3835 media
1962 3784 2228 3835 Latinitas
2250 3784 2403 3835 dixit.
2453 3786 2527 3834 Et
2540 3785 2655 3835 Fir·

1583 3860 1723 3912 mico
1744 3862 1761 3891 ⁸
1780 3860 2053 3926 Hospites'
2075 3867 2350 3925 vocantur,
2372 3861 2461 3926 qni
2484 3861 2655 3911 taber-

1585 3950 1771 3987 narum
1792 3938 2061 3988 institores
2082 3944 2138 3987 et
2158 3951 2441 4001 caupones.
2496 3937 2653 3990 Quod

1585 4012 1845 4079 hodieque
1878 4014 1931 4063 in
1964 4020 2141 4064 nostro
2176 4013 2427 4064 idiomate
2458 4013 2655 4063 retine·

1584 4102 1717 4141 mus.
1770 4092 1982 4155 Portus,
2014 4090 2243 4154 hospitia
2274 4088 2653 4154 quodammodo

1585 4168 1745 4216 maris
1784 4174 1923 4217 sunt.
1987 4166 2074 4215 Sic
2108 4170 2165 4215 et
2196 4164 2454 4229 hospitale
2484 4179 2653 4229 mare,

1586 4242 1673 4292 cui
1694 4242 1995 4308 frequentia
2016 4242 2143 4293 talia
2162 4241 2413 4306 hospitia.
2477 4242 2656 4308 Virgi-

1587 4318 1685 4369 lius
1722 4319 1976 4382 hospitiam
2006 4332 2182 4383 orm,
2216 4318 2450 4383 appellat
2470 4320 2653 4385 plagas
