3234 4909
1173 981 1396 1074 DE
1535 977 2168 1096 FLORO,

768 1239 907 1308 Ex
951 1238 1400 1308 GERARDI
1441 1240 1488 1307 J
1493 1240 1769 1308 oANN
1774 1241 1863 1307 IS
1908 1239 2254 1320 VOSSII,
2300 1237 2387 1306 V.
2432 1237 2572 1306 CL.

1044 1425 1142 1474 Dr.
1191 1424 1621 1476 Hls'romcls
1668 1423 1980 1477 LATINIS
2048 1423 2193 1472 1213.
2240 1423 2287 1474 1.

1387 1699 1957 1746 ====ss

573 1943 1012 2038 Ex‘rnnms
1040 1969 1316 2057 Trajani
1341 1971 1753 2057 temporibus
1793 1971 2026 2039 floruit
2052 1971 2133 2038 L.
2166 1971 2465 2038 Annaeus
2496 1973 2770 2052 F'loruS,

571 2077 688 2158 qui
748 2073 1000 2140 Rerum
1050 2073 1503 2140 Romanarum
1553 2082 1845 2159 quatuor
1899 2076 2295 2160 perscripsit
2340 2075 2574 2140 libros.
2664 2075 2773 2139 De

573 2185 798 2255 aetate,
829 2177 1014 2260 quod
1044 2175 1217 2255 dixi,
1259 2177 1431 2242 satis
1475 2186 1759 2262 apparet
1785 2199 1873 2244 ex
1905 2177 2308 2243 Praefatione
2337 2179 2590 2268 operis,
2622 2195 2775 2240 cum

572 2282 706 2344 ait:
751 2283 772 2313 ‘
795 2277 863 2342 A
916 2278 1186 2344 Caesare
1235 2276 1541 2360 Augusto
1601 2279 1673 2342 in
1718 2278 2039 2344 saeculum
2085 2287 2389 2343 nostrum
2442 2285 2596 2344 sunt
2638 2297 2773 2341 non

570 2381 784 2445 multo
811 2379 1034 2443 minus
1062 2379 1220 2444 anni
1247 2378 1516 2443 ducenti
1538 2401 1562 2442 τ
1601 2379 1843 2461 quibus
1896 2379 2138 2444 inertia
2184 2378 2528 2444 caesarum
2574 2380 2773 2462 quasi

573 2480 927 2546 consenuit
976 2485 1182 2562 atque
1243 2477 1552 2543 decoxit:
1597 2480 1729 2543 nisi
1775 2478 1959 2562 quod
2020 2479 2151 2543 sub'
2212 2475 2509 2562 Trajano
2554 2486 2775 2544 movet

570 2583 880 2657 lacertae,
909 2586 998 2659 et,
1027 2585 1274 2664 proeter
1301 2598 1495 2662 spem
1536 2579 1852 2658 omnium,
1892 2588 2203 2646 senectus
2224 2579 2532 2663 Imperii,
2571 2577 2773 2664 quasi

567 2682 832 2748 reddita
848 2677 1221 2766 juventute,
1251 2679 1644 2747 revirescit!
1731 2681 1884 2747 Viri
1921 2680 2161 2746 eruditi
2191 2681 2489 2765 quidam,
2520 2701 2777 2767 eosque

523 2817 536 2832 ·
571 2785 738 2849 inter
765 2784 810 2848 J
815 2803 882 2847 o.
907 2781 1209 2859 Camers,
1229 2782 1488 2845 malunt
1512 2783 1703 2845 movit
1728 2799 1851 2865 pro
1880 2791 2096 2844 movet.
2186 2781 2335 2844 Nec
2358 2781 2643 2846 diffiteor
2668 2784 2775 2847 sic

571 2903 721 2950 esse
747 2887 818 2949 in
849 2883 1258 2967 quibusdam
1285 2880 1468 2946 Mss.
1553 2881 1691 2947 Sed
1731 2886 1981 2946 rectum
2024 2899 2176 2946 esse
2214 2891 2434 2958 movet,
2462 2883 2775 2961 ostendit,-

574 2991 711 3050 tum
738 2983 923 3068 quod
951 2981 1309 3061 antecedit‚·
1331 2981 1400 3046 in
1423 2979 1711 3046 saeculum
1732 2991 2003 3046 nostrum
2020 3005 2047 3052 ,·
2090 2985 2227 3046 tum
2252 2981 2429 3066 quod
2450 2985 2771 3067 sequitur,

573 3075 903 3149 reuirercit.
992 3083 1153 3164 Sed,
1199 3085 1529 3170 inquiunt,
1580 3085 1822 3150 Florus
1870 3085 1961 3149 ab
1998 3081 2311 3166 Augusto
2348 3103 2497 3149 esse
2527 3086 2615 3149 ad
2648 3105 2774 3150 sua

575 3189 880 3272 tempora
907 3187 1002 3250 ait
1027 3204 1242 3251 annos
1271 3205 1488 3270 prope
1515 3203 1623 3251 cc.
1710 3185 1822 3251 Ab
1863 3185 2152 3270 Augusti
2190 3192 2406 3252 autem
2436 3187 2775 3270 principa·-

572 3294 673 3367 tu,
703 3307 918 3373 usque
947 3286 1034 3351 ad
1061 3281 1342 3372 Trajani
1371 3287 1743 3371 imperium,
1773 3293 1932 3351 sunt
1960 3289 2119 3352 anni
2159 3295 2414 3353 tantum
2460 3303 2771 3352 cxmw:

576 3388 744 3465 sive,
775 3389 834 3453 si
862 3395 1058 3472 putes
1087 3387 1174 3454 ad
1197 3408 1554 3456 excessum
1581 3388 1883 3473 Trajani,
1910 3391 2065 3455 anni
2100 3398 2290 3455 erunt
2320 3405 2591 3454 cxmn.
2636 3390 2774 3455 Sed

566 3489 711 3573 jam
735 3489 982 3554 dudum
1006 3489 1166 3556 mihi
1191 3490 1340 3557 haec
1369 3491 1700 3557 meditata.
1745 3491 1999 3556 Verum
2026 3491 2371 3576 legendum
2400 3499 2566 3577 puto
2591 3493 2771 3577 apud

578 3589 872 3669 Florum,
922 3592 1082 3656 anni
1122 3609 1254 3657 cr„
1307 3591 1486 3658 Nam
1532 3594 1841 3678 quisquis
1872 3593 2045 3676 Mss.
2078 3593 2266 3658 Flori
2298 3593 2517 3659 Codd.
2548 3613 2773 3660 versa-

575 3695 694 3771 vit,
747 3693 880 3757 scit
905 3699 1313 3778 quantopere
1338 3693 1406 3758 in
1445 3695 1640 3758 annis
1668 3695 1887 3760 variet
1912 3695 2223 3778 prologus
2252 3696 2401 3760 iste.
2492 3692 2642 3760 Nec
2674 3702 2776 3758 ta·-

573 3815 724 3858 men
756 3795 964 3859 solius
999 3795 1276 3880 Trajaui
1307 3815 1461 3860 aevo
1505 3796 1781 3860 arbitror
1807 3794 2091 3872 vixisse,
2138 3793 2263 3858 sed
2291 3795 2491 3859 etiam
2521 3792 2775 3858 Hadri-

578 3897 710 3960 ani.
799 3894 1011 3962 Plane
1039 3895 1217 3961 enim
1241 3896 1420 3961 idem
1447 3896 1739 3976 videtur,
1788 3897 1979 3982 cujus
2008 3894 2210 3961 hosce
2249 3897 2319 3960 in
2352 3894 2771 3960 Hadrianum

581 3997 973 4077 versiculoS,
1023 4002 1092 4062 et
1134 3998 1204 4061 in
1247 4017 1447 4081 quem
1486 4017 1717 4063 versus
1749 3997 2087 4062 Hadriani
2118 3995 2519 4082 Spartianus
2554 3997 2774 4063 refert.

529 4105 534 4110 ’
577 4097 750 4163 sulii
779 4098 1002 4164 Flori:
1047 4102 1070 4133 ‘
1093 4097 1238 4182 Ego
1267 4097 1425 4164 nolo
1453 4097 1691 4164 Coesar
1717 4119 1908 4181 esse3
1954 4097 2315 4163 Ambulare
2355 4119 2475 4184 per
2512 4099 2774 4164 Britan-

579 4217 746 4282 nos;
791 4200 1148 4287 Scythicas
1178 4201 1323 4288 pati
1349 4199 1671 4286 pruinas:
1756 4199 2156 4285 Respondet
2210 4199 2537 4268 Hadrian.
2584 4205 2605 4235 ‘
2625 4201 2771 4286 Ego
