3234 4909
612 364 745 433 418
1436 378 1644 428 nucu
1697 376 2014 429 Amnon

616 524 893 602 Nasica,
938 522 1052 607 qui
1102 542 1145 587 a
1190 520 1439 587 Senatu
1486 522 1588 587 vir
1623 523 1922 606 optim-us
1963 528 2072 587 est
2095 518 2466 607 judicatus.
2553 520 2816 607 Scipio,

614 628 729 712 qui
761 627 991 693 occiso
1022 624 1353 709 Pompeio
1380 630 1608 709 partes
1637 624 1944 703 restituit,
1967 631 2040 690 et
2065 626 2292 690 victus
2319 643 2394 691 se
2423 624 2776 693 interfecit.

1063 811 2042 863 cAP.XXV.sssc138810an
2077 810 2364 863 Funus

698 930 1110 995 Sscssston
1124 946 1205 996 ss
1237 930 1456 1013 plebis
1486 950 1529 996 a
1554 930 1888 1015 partibus*
1903 930 2166 997 fuerunt
2189 938 2500 1015 quatuor.
2589 930 2817 998 Prima

609 1032 907 1097 secessio
936 1036 1219 1116 propter.
1239 1030 1702 1115 impotentiam
1717 1030 2212 1109 foeneratorum,
2231 1050 2384 1095 cum
2407 1031 2476 1094 in
2491 1037 2815 1097 montem5

606 1132 803 1217 plebs
834 1138 1085 1198 armata
1131 1132 1432 1197 secessit.
1520 1129 1828 1195 Secunda
1871 1137 2145 1215 propter
2186 1132 2644 1215 impotentiam
2678 1134 2814 1199 De-

608 1235 992 1312 cemvirum,
1023 1254 1177 1299 cum
1206 1232 1549 1299 interfecta
1578 1233 1716 1297 fflia
1745 1252 1874 1298 sua
1904 1232 2250 1316 Virginius
2279 1232 2582 1317 Appium
2619 1239 2692 1299 et
2718 1241 2814 1301 to-

604 1344 749 1401 tam
790 1334 937 1420 ejus
976 1336 1338 1400 factionem
1362 1336 1433 1398 in
1464 1333 1798 1399 Aventino
1827 1340 2049 1399 monte
2077 1336 2532 1414 circumvenit,
2557 1334 2813 1402 effecit·-

608 1458 737 1521 que
778 1443 855 1502 ut
882 1437 1195 1504 abdicato
1238 1439 1636 1520 magistratu
1683 1436 1990 1520 accusati
2033 1440 2236 1521 atque
2279 1438 2581 1503 damnati
2607 1438 2814 1504 variis

606 1540 960 1624 suppliciis
982 1539 1383 1624 punirentur.
1468 1539 1694 1605 Tertia
1722 1544 1993 1625 propter
2019 1540 2442 1604 matrimonia
2471 1540 2714 1622 plebei,
2744 1546 2816 1607 ut

605 1661 692 1705 ne
719 1640 1023 1725 patriciis
1067 1642 1408 1717 nuberent,
1442 1659 1648 1723 quam
1678 1638 2044 1706 Canuleius
2079 1640 2451 1705 concitavit
2491 1644 2560 1705 in
2587 1649 2811 1708 monte

607 1741 945 1807 Janiculo.
1036 1741 1302 1821 Quarta
1330 1745 1627 1808 secessio
1652 1744 1718 1808 in
1759 1742 1930 1820 foro,
1959 1746 2228 1825 propter
2254 1744 2703 1826 magistratuS,
2741 1749 2814 1809 ut

604 1843 832 1926 plebei
852 1842 1185 1908 Consules
1212 1842 1467 1921 fierent,
1494 1862 1697 1927 quam
1727 1841 2077 1928 Sulpicius
2107 1840 2330 1909 Stolo⁶
2349 1844 2737 1933 concitavit.

1224 2029 1386 2078 oAP.
1422 2028 1646 2078 xxvt.
1735 2028 2090 2080 sammon
2103 2030 2211 2079 RS.

695 2149 1064 2213 Snm‘rrou
1078 2164 1161 2213 ns
1220 2150 1287 2213 in
1330 2150 1495 2215 urbe
1544 2154 1864 2234 quatuor.
1955 2148 2187 2215 Prima
2241 2146 2507 2226 seditio,
2553 2146 2812 2213 Tiberii

607 2250 945 2331 Gracchi3
991 2270 1213 2334 quem,
1259 2250 1343 2315 de
1382 2250 1769 2337 ,iudiciariis
1809 2257 1884 2317 et
1923 2252 2202 2336 agrariis
2251 2250 2518 2333 legibus
2561 2254 2812 2316 statum

608 2354 898 2418 civitatis
942 2359 1340 2431 moventem,
1368 2354 1601 2439 Scipio
1635 2352 1897 2421 Nasica
1918 2354 2112 2419 facta
2137 2372 2339 2418 manu
2371 2354 2442 2417 in
2467 2348 2812 2436 Capitolio

607 2456 970 2537 oppressit.
1058 2452 1371 2519 Secunda
1398 2454 1660 2533 seditio,
1681 2454 2000 2521 Gracchi⁷
2025 2455 2242 2520 fratris
2259 2452 2447 2537 ejus3
2493 2471 2696 2535 quem
2715 2452 2810 2517 ob

606 2556 858 2621 similes
880 2555 1260 2639 largitiones
1280 2576 1492 2621 novos
1518 2562 1744 2623 motus
1773 2558 2177 2623 excitantem
2191 2554 2512 2639 Opimius
2535 2553 2810 2631 Consul,

607 2676 759 2720 cum
818 2656 1100 2722 Decimo
1145 2658 1356 2722 Bruto
1401 2656 1732 2723 Callaecio
1778 2678 2012 2723 socero
2067 2658 2239 2743 ejus,
2291 2657 2678 2723 convocatis
2721 2652 2810 2719 ad

604 2758 857 2841 pileum
888 2758 1119 2837 servis,
1142 2758 1213 2823 in
1241 2758 1582 2825 Aventino
1610 2764 1833 2824 monte
1852 2761 2212 2844 oppressit.
2285 2759 2518 2823 Tertia
2548 2757 2814 2834 seditio,

606 2858 887 2941 Apuleii
906 2858 1247 2924 Saturnini
1268 2859 1381 2925 Tr.
1398 2860 1503 2925 Pl.
1524 2866 1593 2925 et
1608 2860 1920 2926 Glauciae
1941 2859 2260 2925 Consulis
2279 2881 2298 2941 3
2329 2877 2518 2944 quos,
2535 2860 2811 2925 cemitia

606 2961 676 3025 in
706 2978 949 3043 campo
971 2961 1275 3027 caedibus
1299 2961 1790 3045 perturbantes,
1824 2961 2084 3027 Marius
2123 2960 2194 3024 in
2223 2960 2634 3042 Capitolium
2662 2978 2814 3042 per·

604 3067 881 3125 secutus
910 3061 1192 3137 obsedit,
1220 3066 1289 3125 et
1330 3061 1788 3126 conficiendos
1831 3062 2122 3125 fustibus
2167 3060 2488 3142 saxisque
2531 3063 2815 3127 curavit.

607 3158 866 3238 Quarta
913 3159 1178 3235 seditio,
1222 3160 1351 3225 fuit
1394 3161 1576 3224 Livii
1623 3160 1829 3225 Drusi
1873 3167 1942 3224 et
1983 3160 2222 3241 Quinti
2250 3158 2622 3245 Caepionis,
2652 3182 2808 3229 cum

604 3260 715 3323 ille
739 3257 1053 3323 Senatus⁸
1078 3264 1447 3341 equestrem
1468 3259 1771 3325 ordinem
1801 3261 2158 3329 adsideret.
2204 3261 2565 3347 Praecipua
2585 3272 2808 3329 tamen

607 3360 695 3425 ad
750 3365 971 3425 motus
1020 3360 1598 3427 excitandos·fuit
1641 3381 1878 3443 causa,
1921 3364 2101 3449 qnod
2157 3364 2420 3430 Drusus
2467 3366 2804 3430 civitatem

605 3461 915 3525 omnibus
944 3460 1213 3527 Italicis
1242 3463 1720 3547 pollicebatur3
1766 3464 1887 3531 sed
1918 3473 2056 3532 tum
2087 3488 2131 3534 a
2147 3466 2478 3551 Philippo
2505 3466 2804 3533 Consule

606 3562 673 3625 in
704 3562 904 3629 domo
934 3580 1059 3629 sua
1090 3564 1497 3631 interfectus.

1600 3745 1820 3797 NOTAE

674 3858 705 3903 4
738 3855 783 3905 Α
820 3853 1059 3919 partibus]
1112 3854 1159 3905 A
1210 3856 1465 3907 Patribus:
1500 3858 1670 3908 Perit.
1816 3866 1846 3909 ⁶
1881 3860 2122 3926 Sulpicius
2148 3860 2306 3927 Stolo]
2353 3860 2639 3913 confundit
2675 3863 2805 3915 duos

610 3936 664 3981 et
690 3929 873 3980 Heius.
1751 3952 1974 4001 generos
1997 3938 2162 4003 Fabii,
2203 3946 2260 3989 et
2282 3954 2436 3990 unum
2459 3954 2488 3987 e
2512 3938 2708 3989 duobus
2729 3938 2805 3989 fa·

674 4014 703 4056 5
728 4006 789 4055 In
811 4006 1037 4071 nostem]
1072 4004 1296 4057 Vldetur
1317 4008 1575 4060 excidisse
1595 4026 1670 4060 tu-
1749 4012 1842 4063 cit.
1876 4013 2107 4064 Freinsh.
2130 4014 2196 4064 ad
2221 4014 2363 4064 Flor.
2387 4028 2425 4063 r.
2461 4018 2544 4065 20.
2560 4019 2610 4065 2.
2631 4026 2684 4065 et
2708 4015 2808 4065 Pe·

610 4096 759 4133 ενιηη.
820 4082 1009 4134 Totum
1023 4090 1183 4147 eaput
1204 4084 1523 4149 descriptum
1542 4094 1667 4138 este
1749 4087 1842 4137 rit.
1865 4088 2103 4140 Animad.
2125 4104 2174 4140 c.
2197 4104 2236 4138 ι.
2259 4104 2314 4153 p.
2333 4094 2416 4141 21.

612 4158 753 4208 Flor.
780 4172 818 4209 r.
836 4162 918 4211 2⁸.
938 4174 1088 4226 seqq.
1110 4174 1227 4211 cum
1248 4176 1349 4228 quo
1381 4162 1433 4211 in
1454 4164 1667 4215 nonnul·
1813 4168 1844 4213 7
1877 4165 2112 4228 Gracchi]
2143 4166 2262 4215 vid.
2283 4166 2348 4215 ad
2367 4167 2498 4229 Cap.
2525 4179 2642 4217 xix.

616 4232 679 4281 lis
703 4242 865 4284 errat.
1816 4244 1848 4290 8
1883 4244 2003 4291 Cum
2025 4242 2104 4293 tue
2121 4240 2345 4307 δικαία]
2403 4244 2524 4294 Cum
2549 4243 2629 4294 ille
2657 4244 2804 4299 Sm-
