3234 4909
1382 423 1729 479 merom.
2546 411 2629 476 17

451 572 668 641 totius
717 569 1006 655 Europae
1064 572 1525 637 vetustissimo
1581 577 1657 638 et
1722 571 1981 656 optimo
2037 571 2273 637 codice
2331 571 2663 652 Nazareo,

451 695 650 761 quem
682 674 1066 740 evolverunt
1115 674 1277 740 olim
1307 674 1679 740 Salmasius
1724 679 1753 736 ὁ
1800 672 1945 737 πάνυ
1994 680 2062 739 et
2101 674 2449 754 GruteruS,
2480 677 2662 764 coepi

453 778 644 842 illum
675 797 828 842 cum
857 777 1056 843 editis
1084 778 1406 844 conferre.
1495 779 1667 844 Cum
1694 797 1919 862 operae
1962 778 2251 861 pretium
2278 797 2388 843 me
2420 797 2663 863 capere

453 878 788 959 sentirem,
821 880 1078 944 animus
1101 880 1353 946 ferebat
1376 886 1677 946 notarum
1717 899 1857 944 non
1884 879 2047 944 nihil
2088 879 2264 943 calci
2308 865 2663 964 subjicere,

452 999 610 1066 quae
638 982 769 1046 sub
793 1000 997 1046 mann
1026 987 1375 1046 creverunt
1399 982 1616 1047 indies
1640 980 1852 1066 magis
1880 979 2255 1066 magisque,
2294 983 2665 1065 praesertim

452 1101 608 1150 cum
629 1083 1019 1148 accederent
1041 1089 1369 1168 excerpta
1396 1082 1592 1150 trium
1624 1081 1863 1166 Regiae
1895 1081 2297 1148 Parisiensis
2318 1083 2666 1150 bibliothe-

452 1202 557 1252 cae
581 1185 917 1264 codicum,
942 1205 1114 1269 quos
1146 1190 1609 1270 composuerat
1639 1185 1801 1251 olim
1828 1205 1982 1251 cum
2014 1183 2299 1268 vulgatis
2320 1187 2666 1270 exempla-

449 1289 642 1354 ribus
667 1283 798 1354 Vir
827 1285 1155 1368 Eximius,
1199 1287 1468 1354 Samuel
1495 1289 1865 1367 Sciassius,
1897 1291 1925 1350 ὅ
1960 1293 2050 1352 νῦν
2078 1289 2132 1350 tv
2161 1285 2487 1375 μακαρὶοις,
2516 1310 2667 1374 quoe

455 1408 727 1455 mecum
761 1391 1280 1455 communicavit
1306 1389 1409 1456 vir
1437 1389 1784 1472 dignitate,
1812 1389 2114 1474 ingenio,
2146 1397 2215 1452 et
2244 1389 2549 1456 doctrina
2570 1411 2669 1457 re-

455 1490 732 1558 condita
758 1490 830 1570 in
857 1493 1094 1576 primis
1135 1491 1337 1576 hujus
1383 1494 1620 1559 saeculi
1650 1488 2057 1578 conspicuus
2090 1491 2499 1558 Markardus
2530 1495 2670 1560 Gu-

459 1593 638 1673 ᾱίιιε,
670 1591 1118 1658 Serenissimo
1146 1592 1562 1659 Cimbrorum
1590 1594 1897 1679 Principi
1937 1615 1981 1660 a
2010 1595 2339 1671 consilii&
2371 1595 2672 1679 mihique

459 1696 663 1779 longo
691 1695 1046 1760 multorum
1077 1715 1394 1762 annorum
1433 1717 1564 1764 usu
1617 1695 2241 1782 conjunctissimus.
2331 1696 2669 1762 Nicolaus

463 1797 554 1862 D.
604 1797 683 1862 F.
725 1795 1081 1878 Heinsius,
1126 1819 1326 1884 quem
1372 1806 1444 1864 et
1475 1801 1693 1884 patris
1721 1803 1788 1863 et
1830 1816 1958 1863 sua
2004 1816 2159 1862 cum
2214 1798 2284 1861 in
2323 1798 2670 1883 publicam

463 1907 614 1963 tum
641 1900 711 1964 in
747 1919 890 1963 rem
913 1899 1272 1964 liter-ariam
1311 1902 1546 1967 merita
1573 1920 1779 1984 supra
1804 1898 2075 1964 laudem
2120 1917 2385 1964 omnem
2421 1899 2671 1967 dudum

459 2001 867 2080 extulerunt,
887 2001 1058 2066 duos
1083 2001 1246 2068 mihi
1261 2003 1558 2086 praebuit
1578 2003 1863 2068 utendos
1886 2001 2154 2079 Floros,
2174 2019 2303 2086 pro
2324 2001 2671 2084 maximis,

461 2121 619 2187 quoe
646 2102 810 2168 mihi
839 2123 990 2170 eum
1019 2123 1102 2170 eo
1128 2113 1303 2187 sunt,
1355 2105 1673 2188 amicitiae
1703 2103 2347 2182 necessitudinibus,
2391 2089 2675 2189 quorum

459 2223 636 2270 unus
658 2203 936 2271 Claudii
964 2207 1252 2272 Puteani
1269 2225 1512 2272 nomen
1537 2207 1959 2290 praeferebat.
2034 2203 2201 2288 Ejus
2221 2205 2389 2269 liber
2416 2207 2675 2289 primus

463 2325 626 2371 cum
645 2309 856 2371 veteri
883 2307 1126 2371 codice
1153 2309 1556 2372 commissus
1585 2313 1747 2372 erat,
1833 2305 2132 2371 Alterius
2160 2307 2427 2372 duobus
2454 2315 2677 2390 poste-

463 2408 758 2474 rioribus
775 2406 970 2473 libris
998 2425 1135 2472 non
1165 2426 1422 2491 paucas
1446 2406 1493 2473 J
1496 2407 1626 2472 usti
1656 2407 1875 2492 Hpsii
1900 2409 2399 2474 emendationes
2421 2412 2675 2496 ascrip-

465 2516 650 2577 serat
673 2529 800 2576 sua
825 2527 1030 2576 manu
1073 2508 1482 2576 Franciscus
1533 2507 1856 2594 Nansius,
1905 2525 2079 2593 quas
2115 2529 2206 2574 ex
2234 2513 2461 2594 magni
2489 2511 2675 2580 illius

463 2611 758 2676 hominis
815 2631 956 2688 ore,
1015 2631 1172 2676 cum
1221 2609 1530 2692 Lugduni
1592 2611 2003 2676 Batavorum
2052 2611 2229 2675 hunc
2286 2615 2677 2697 scriptorem
2800 2621 2809 2630 ‘

467 2716 836 2796 exponeret
875 2709 1173 2794 publice,
1213 2710 1547 2774 hauserat.
1636 2709 1773 2773 Sed
1827 2709 1983 2792 plus
2028 2709 2227 2774 debet
2264 2712 2414 2778 haec
2465 2715 2678 2782 editio

469 2812 714 2880 summi
741 2811 930 2876 illius
967 2810 1096 2878 viri
1142 2815 1211 2876 et
1255 2809 1462 2876 amici
1497 2811 1710 2876 nostri
1762 2810 2041 2878 Nicolai
2094 2811 2357 2878 Heinsii
2386 2816 2679 2900 ingenio,

471 2932 674 3000 quam
719 2911 1047 2980 subsidiis
1096 2933 1251 2996 quae
1311 2933 1402 2980 ex
1461 2912 1939 2998 copiosissima
1986 2920 2057 2981 et
2118 2917 2495 2984 lectissima
2550 2939 2678 2986 sua

469 3016 885 3109 bibliotheca
911 3015 1108 3080 nobis
1133 3014 1615 3099 suppeditavit.
1706 3014 1889 3080 Nam
1927 3017 2227 3100 pluribus
2256 3018 2329 3081 in
2372 3021 2678 3103 epistolis

471 3134 736 3187 mecum
783 3117 918 3201 egit
969 3117 1056 3182 de
1105 3117 1385 3184 infinitis
1432 3117 1572 3184 fere
1616 3118 1812 3198 locis,
1856 3122 1925 3182 et
1964 3137 2124 3184 suas
2169 3121 2583 3205 conjecturas
2612 3129 2680 3189 et

474 3219 1005 3299 emendationes,
1025 3219 1260 3304 plenas
1287 3221 1536 3305 ingenii
1565 3228 1633 3289 et
1660 3221 1985 3288 doctrinae
2018 3220 2107 3286 ad
2136 3243 2243 3287 me
2268 3223 2676 3308 perscripsit,

475 3342 646 3406 quas
688 3341 820 3388 non
867 3323 1061 3407 potui
1105 3341 1237 3389 non
1281 3325 1450 3389 meis
1489 3322 2063 3402 annotationibus,
2105 3328 2421 3408 tanquam
2448 3325 2676 3393 clavos

475 3424 614 3490 late
641 3424 1094 3510 splendenteS,
1123 3425 1444 3493 intexere.
1535 3427 1675 3494 His
1702 3427 1945 3506 fruere,
1976 3427 2243 3508 Lector,
2272 3433 2343 3492 et
2367 3425 2541 3493 vale.

614 4377 792 4441 neepae.
813 4383 863 4428 ee
889 4377 1005 4432 var.
1032 4379 1163 4428 cta.
1541 4379 1673 4431 nor.
2500 4381 2547 4432 Β
