3234 4909
1139 945 1949 1026 TYPOGRAPHUS

733 1241 1502 1338 BENIGNO
1607 1239 2369 1335 LECTORI.

459 1839 508 1870 “
534 1829 734 1922 Cum
779 1853 850 1918 in
891 1871 974 1918 eo
1003 1858 1268 1919 strenue
1293 1853 1671 1919 laboremus
1700 1873 1987 1940 semper,
2015 1862 2089 1922 ut
2118 1863 2232 1925 aut
2257 1856 2643 1924 Editionem

455 1954 728 2040 reliquis
754 1951 1102 2020 castiorem
1130 1953 1548 2032 adornemus,
1581 1960 1701 2020 aut
1746 1975 1925 2021 nova
1953 1959 2261 2041 quaedam
2290 1959 2645 2040 addamus,

457 2056 700 2139 quibus
725 2061 798 2120 et
822 2055 1298 2120 existimationi
1346 2062 1588 2120 nostrae
1621 2061 1689 2120 et
1713 2054 2001 2123 Auctor-i
2026 2065 2208 2124 recte
2236 2063 2645 2140 consulatur,

454 2163 790 2222 consuetoe
829 2156 902 2220 in
926 2157 1142 2222 bonos
1169 2157 1549 2240 Scriptores
1577 2176 1761 2222 curae
1791 2163 2039 2223 uostrae
2066 2177 2155 2224 ne
2176 2179 2346 2224 nunc
2375 2161 2646 2245 quidem

455 2257 748 2322 defuimu
756 2279 810 2322 s·
899 2255 1056 2336 Quo
1075 2259 1251 2322 enim
1281 2259 1540 2322 auctior
1588 2265 1661 2322 et
1710 2259 2005 2324 ornatior
2026 2258 2211 2324 fieret
2234 2260 2407 2339 hoec,
2438 2280 2647 2344 quum

455 2380 629 2426 nuuc
657 2361 1100 2446 publicamus,
1130 2358 1360 2423 Editio
1406 2357 1615 2437 Flori,
1648 2360 1931 2425 Lucium
1961 2359 2343 2445 Ampelium
2389 2363 2645 2448 adjeci-

455 2479 650 2542 mus;
707 2459 1101 2538 Auctorem,
1145 2460 1234 2524 ob
1281 2478 1416 2538 reS,
1463 2477 1635 2543 quas
1681 2467 1953 2541 tractat,
2008 2463 2258 2541 variae,
2312 2462 2647 2547 vulgoque

455 2562 576 2626 vix
605 2562 936 2644 cognitas,
963 2580 1098 2627 non
1127 2561 1723 2626 contemnendum:
1790 2579 2008 2645 eoque
2064 2563 2285 2646 magis
2320 2583 2652 2628 commen-

457 2661 769 2741 dandum,
807 2661 992 2748 quod
1020 2680 1114 2726 ex
1141 2660 1563 2726 Bibliotheca
1612 2659 2047 2727 Nobilissimi
2090 2661 2221 2728 Cr..
2250 2663 2649 2741 SALnAsn,

454 2761 630 2843 Viri,
685 2763 846 2828 dum
895 2763 1175 2841 viveret,
1226 2761 1810 2845 Incomparabilis,
1863 2764 1933 2828 in
1983 2762 2206 2830 lucem
2263 2763 2650 2847 proferatur.
2714 2791 2723 2796 ·

458 2865 740 2950 Propter
765 2864 1156 2931 affinitatem
1182 2883 1340 2929 vero
1360 2865 1752 2947 argumenti,
1775 2864 1939 2949 qnia
1960 2865 2175 2930 multa
2204 2863 2289 2928 de
2320 2863 2653 2930 Romanis

456 2967 728 3049 attingit
772 2967 1081 3050 negotiis,
1115 2971 1184 3032 et
1228 2972 1502 3050 propter
1529 2967 1689 3050 styli
1718 2965 2261 3044 concinnitatem,
2302 2983 2649 3049 rerumque

459 3067 634 3133 adeo
659 3068 1111 3152 plurimarum,
1143 3085 1316 3151 quas
1362 3065 1633 3132 aliunde
1660 3065 1799 3133 u'on
1847 3067 2047 3133 liceat
2075 3086 2365 3144 sumere,
2390 3068 2653 3131 novita-

457 3177 614 3248 tem,
645 3171 830 3234 visus
859 3175 970 3234 est
989 3168 1291 3248 idoneus,
1318 3169 1438 3253 qui
1485 3167 1691 3234 Floro
1737 3185 1969 3233 comes
2018 3167 2395 3247 adderetur,
2443 3173 2649 3250 atque

457 3270 532 3334 in
569 3269 722 3354 ejus
767 3269 1087 3334 comitatu
1133 3269 1354 3334 lucem
1401 3269 1739 3353 publicam
1780 3276 2160 3354 usurparet.
2248 3267 2385 3333 Sed
2408 3266 2493 3333 de
2520 3267 2657 3333 hoc

460 3369 768 3436 Auctore
777 3369 1112 3454 judicium
1141 3367 1520 3434 Clarissimi
1534 3368 1687 3433 Viri
1705 3370 2104 3450 SAnnAsn,
2123 3371 2223 3435 ita
2246 3369 2657 3448 disserenti&

466 3471 852 3536 audiemus:

552 3575 576 3604 ‘
614 3569 790 3650 Quis
831 3569 946 3634 ille
973 3567 1198 3647 fuerit,
1230 3588 1367 3654 quo
1395 3573 1691 3652 tempore
1718 3569 1981 3651 vixerit,
2000 3561 2209 3654 juxta
2230 3591 2338 3636 me
2356 3571 2527 3638 scire
2556 3571 2657 3636 di·-

465 3689 619 3738 cam
651 3691 808 3737 cum
835 3669 1294 3754 ignor-issimis,
1325 3669 1387 3735 si
1415 3669 1580 3734 mihi
1622 3669 1896 3754 eripias,
1924 3689 2075 3736 eum
2100 3689 2255 3738 esee
2281 3690 2482 3756 quem
2510 3691 2659 3738 sus·-

464 3777 681 3858 picot,
723 3773 926 3858 cujus
951 3770 1257 3838 meminit
1292 3771 1620 3838 Sidonius
1666 3770 2083 3855 Apollinaris
2108 3773 2181 3838 in
2208 3773 2663 3841 Excusatoria

449 3865 554 3942 ‘ad
585 3875 906 3954 Felicem,
930 3873 1042 3939 his
1070 3873 1408 3939 versibus:

792 3986 914 4048 Sed
953 4007 1029 4047 ne
1066 3996 1133 4046 tu
1172 3986 1316 4047 mihi
1355 4005 1695 4083 computare
1734 3997 1950 4061 tentes,

789 4081 954 4150 Quos
993 4081 1181 4142 multo
1219 4083 1409 4142 minor
1448 4083 1576 4162 ipse
1615 4081 1752 4160 plue
1794 4081 2013 4155 adoro,

789 4176 1122 4250 Paulinum,
1165 4177 1637 4256 Ampeliumque,
1680 4177 2235 4256 symmachumque,

795 4271 1118 4336 Messalam
1157 4272 1380 4354 ingenii
1421 4274 1565 4334 satis
1599 4269 1902 4356 profundi.
