<?xml version="1.0" encoding="UTF-8"?>
<!DOCTYPE html PUBLIC "-//W3C//DTD XHTML 1.0 Transitional//EN"
    "http://www.w3.org/TR/xhtml1/DTD/xhtml1-transitional.dtd">
<html xmlns="http://www.w3.org/1999/xhtml" xml:lang="en" lang="en">
 <head>
  <title>
</title>
<meta http-equiv="Content-Type" content="text/html;charset=utf-8" />
  <meta name='ocr-system' content='tesseract 3.04.00' />
  <meta name='ocr-capabilities' content='ocr_page ocr_carea ocr_par ocr_line ocrx_word'/>
</head>
<body>
  <div class='ocr_page' id='page_1' title='image "./lannaeifloriepi00unkngoog/lannaeifloriepi00unkngoog_0033.png"; bbox 0 0 3234 4909; ppageno 0'>
   <div class='ocr_carea' id='block_1_1' title="bbox 1337 365 2679 434">
    <p class='ocr_par' dir='ltr' id='par_1_1' title="bbox 1337 365 2679 434">
     <span class='ocr_line' id='line_1_1' title="bbox 1337 365 2679 434; baseline 0.003 -4"><span class='ocrx_word' id='word_1_1' title='bbox 1337 379 1835 432; x_wconf 66' lang='lat' dir='ltr'><strong>‘rus-rincum.</strong></span> <span class='ocrx_word' id='word_1_2' title='bbox 2592 365 2679 434; x_wconf 56' lang='grc' dir='ltr'><em>Ἃ</em></span> 
     </span>
    </p>
   </div>
   <div class='ocr_carea' id='block_1_2' title="bbox 467 523 2684 1641">
    <p class='ocr_par' dir='ltr' id='par_1_2' title="bbox 467 523 2684 1641">
     <span class='ocr_line' id='line_1_2' title="bbox 471 523 2677 616; baseline -0.002 -18"><span class='ocrx_word' id='word_1_3' title='bbox 471 533 706 616; x_wconf 78' lang='lat' dir='ltr'><strong>logum</strong></span> <span class='ocrx_word' id='word_1_4' title='bbox 735 531 880 598; x_wconf 76' lang='lat' dir='ltr'><strong>sive</strong></span> <span class='ocrx_word' id='word_1_5' title='bbox 897 531 1351 613; x_wconf 76' lang='lat' dir='ltr'><strong>argumentum</strong></span> <span class='ocrx_word' id='word_1_6' title='bbox 1375 526 1825 606; x_wconf 70' lang='lat' dir='ltr'><strong>concinnavit,</strong></span> <span class='ocrx_word' id='word_1_7' title='bbox 1842 526 2091 591; x_wconf 65' lang='lat' dir='ltr'><strong>nomen*</strong></span> <span class='ocrx_word' id='word_1_8' title='bbox 2103 523 2287 592; x_wconf 86' lang='lat' dir='ltr'><strong>Flori</strong></span> <span class='ocrx_word' id='word_1_9' title='bbox 2308 527 2677 612; x_wconf 82' lang='lat' dir='ltr'><strong>ascriptum</strong></span> 
     </span>
     <span class='ocr_line' id='line_1_3' title="bbox 473 629 2679 702; baseline -0.003 0"><span class='ocrx_word' id='word_1_10' title='bbox 473 656 611 702; x_wconf 88' lang='lat' dir='ltr'><strong>non</strong></span> <span class='ocrx_word' id='word_1_11' title='bbox 637 636 989 702; x_wconf 84' lang='lat' dir='ltr'><strong>habebant.</strong></span> <span class='ocrx_word' id='word_1_12' title='bbox 1078 632 1218 698; x_wconf 89' lang='lat' dir='ltr'><strong>Sed</strong></span> <span class='ocrx_word' id='word_1_13' title='bbox 1247 631 1438 696; x_wconf 89' lang='lat' dir='ltr'><strong>iniis</strong></span> <span class='ocrx_word' id='word_1_14' title='bbox 1468 631 1668 697; x_wconf 90' lang='lat' dir='ltr'><strong>Lucii</strong></span> <span class='ocrx_word' id='word_1_15' title='bbox 1690 629 1931 696; x_wconf 74' lang='lat' dir='ltr'><strong>Aunoei</strong></span> <span class='ocrx_word' id='word_1_16' title='bbox 1948 635 2095 698; x_wconf 80' lang='lat' dir='ltr'><strong>erat</strong></span> <span class='ocrx_word' id='word_1_17' title='bbox 2122 635 2383 696; x_wconf 85' lang='lat' dir='ltr'><strong>tantum</strong></span> <span class='ocrx_word' id='word_1_18' title='bbox 2410 631 2679 696; x_wconf 88' lang='lat' dir='ltr'><strong>mentio.</strong></span> 
     </span>
     <span class='ocr_line' id='line_1_4' title="bbox 475 731 2680 822; baseline -0.004 -18"><span class='ocrx_word' id='word_1_19' title='bbox 475 737 654 822; x_wconf 79' lang='lat' dir='ltr'><strong>Ergo</strong></span> <span class='ocrx_word' id='word_1_20' title='bbox 679 739 1011 822; x_wconf 82' lang='lat' dir='ltr'><strong>quisnam,</strong></span> <span class='ocrx_word' id='word_1_21' title='bbox 1040 735 1284 819; x_wconf 87' lang='lat' dir='ltr'><strong>inquit,</strong></span> <span class='ocrx_word' id='word_1_22' title='bbox 1311 735 1550 802; x_wconf 86' lang='lat' dir='ltr'><strong>horum</strong></span> <span class='ocrx_word' id='word_1_23' title='bbox 1577 734 1733 800; x_wconf 82' lang='lat' dir='ltr'><strong>libri</strong></span> <span class='ocrx_word' id='word_1_24' title='bbox 1771 731 1966 818; x_wconf 87' lang='lat' dir='ltr'><strong>hujus</strong></span> <span class='ocrx_word' id='word_1_25' title='bbox 2009 737 2240 799; x_wconf 81' lang='lat' dir='ltr'>auctor</span> <span class='ocrx_word' id='word_1_26' title='bbox 2282 732 2397 811; x_wconf 85' lang='lat' dir='ltr'><strong>sit,</strong></span> <span class='ocrx_word' id='word_1_27' title='bbox 2429 731 2680 798; x_wconf 84' lang='lat' dir='ltr'><strong>Lucius</strong></span> 
     </span>
     <span class='ocr_line' id='line_1_5' title="bbox 475 834 2683 916; baseline -0.003 -10"><span class='ocrx_word' id='word_1_28' title='bbox 475 840 776 906; x_wconf 78' lang='lat' dir='ltr'><strong>Annaeus</strong></span> <span class='ocrx_word' id='word_1_29' title='bbox 819 837 1100 916; x_wconf 78' lang='lat' dir='ltr'><strong>Seneca,</strong></span> <span class='ocrx_word' id='word_1_30' title='bbox 1133 857 1222 902; x_wconf 86' lang='lat' dir='ltr'><strong>an</strong></span> <span class='ocrx_word' id='word_1_31' title='bbox 1266 836 1520 902; x_wconf 87' lang='lat' dir='ltr'><strong>Lucius</strong></span> <span class='ocrx_word' id='word_1_32' title='bbox 1563 835 1866 902; x_wconf 72' lang='lat' dir='ltr'><strong>Annaeus</strong></span> <span class='ocrx_word' id='word_1_33' title='bbox 1912 835 2123 914; x_wconf 87' lang='lat' dir='ltr'><strong>Mela,</strong></span> <span class='ocrx_word' id='word_1_34' title='bbox 2149 835 2477 900; x_wconf 84' lang='lat' dir='ltr'><strong>incertum</strong></span> <span class='ocrx_word' id='word_1_35' title='bbox 2514 834 2683 900; x_wconf 82' lang='lat' dir='ltr'><strong>facit</strong></span> 
     </span>
     <span class='ocr_line' id='line_1_6' title="bbox 473 935 2684 1019; baseline -0.002 -11"><span class='ocrx_word' id='word_1_36' title='bbox 473 941 920 1008; x_wconf 79' lang='lat' dir='ltr'><strong>communitas</strong></span> <span class='ocrx_word' id='word_1_37' title='bbox 963 940 1302 1006; x_wconf 79' lang='lat' dir='ltr'><strong>nominum</strong></span> <span class='ocrx_word' id='word_1_38' title='bbox 1332 937 1530 1004; x_wconf 89' lang='lat' dir='ltr'><strong>Lucii</strong></span> <span class='ocrx_word' id='word_1_39' title='bbox 1557 943 1623 1002; x_wconf 92' lang='lat' dir='ltr'><strong>et</strong></span> <span class='ocrx_word' id='word_1_40' title='bbox 1669 937 1955 1019; x_wconf 77' lang='lat' dir='ltr'><strong>Annaei3</strong></span> <span class='ocrx_word' id='word_1_41' title='bbox 1998 957 2153 1002; x_wconf 88' lang='lat' dir='ltr'><strong>nam</strong></span> <span class='ocrx_word' id='word_1_42' title='bbox 2196 935 2383 1001; x_wconf 85' lang='lat' dir='ltr'><strong>Flori</strong></span> <span class='ocrx_word' id='word_1_43' title='bbox 2420 955 2554 1002; x_wconf 89' lang='lat' dir='ltr'><strong>non</strong></span> <span class='ocrx_word' id='word_1_44' title='bbox 2580 944 2684 1004; x_wconf 80' lang='lat' dir='ltr'><strong>est</strong></span> 
     </span>
     <span class='ocr_line' id='line_1_7' title="bbox 471 1035 2679 1127; baseline -0.001 -19"><span class='ocrx_word' id='word_1_45' title='bbox 471 1044 570 1109; x_wconf 87' lang='lat' dir='ltr'><strong>ibi</strong></span> <span class='ocrx_word' id='word_1_46' title='bbox 597 1043 870 1109; x_wconf 88' lang='lat' dir='ltr'><strong>mentio.</strong></span> <span class='ocrx_word' id='word_1_47' title='bbox 915 1042 1086 1108; x_wconf 80' lang='lat' dir='ltr'><strong>Cum</strong></span> <span class='ocrx_word' id='word_1_48' title='bbox 1103 1043 1170 1108; x_wconf 91' lang='lat' dir='ltr'><strong>in</strong></span> <span class='ocrx_word' id='word_1_49' title='bbox 1191 1040 1579 1127; x_wconf 88' lang='lat' dir='ltr'><strong>hujusmodi</strong></span> <span class='ocrx_word' id='word_1_50' title='bbox 1599 1039 1887 1108; x_wconf 79' lang='lat' dir='ltr'><strong>Codices</strong></span> <span class='ocrx_word' id='word_1_51' title='bbox 1916 1038 2269 1106; x_wconf 81' lang='lat' dir='ltr'><strong>incidisset</strong></span> <span class='ocrx_word' id='word_1_52' title='bbox 2285 1035 2679 1105; x_wconf 81' lang='lat' dir='ltr'><strong>Lactantius</strong></span> 
     </span>
     <span class='ocr_line' id='line_1_8' title="bbox 477 1141 2681 1226; baseline -0.002 -16"><span class='ocrx_word' id='word_1_53' title='bbox 477 1145 884 1226; x_wconf 84' lang='lat' dir='ltr'><strong>Firmianus,</strong></span> <span class='ocrx_word' id='word_1_54' title='bbox 911 1152 981 1212; x_wconf 90' lang='lat' dir='ltr'><strong>et</strong></span> <span class='ocrx_word' id='word_1_55' title='bbox 1009 1145 1294 1213; x_wconf 87' lang='lat' dir='ltr'><strong>Lucium</strong></span> <span class='ocrx_word' id='word_1_56' title='bbox 1323 1149 1578 1210; x_wconf 89' lang='lat' dir='ltr'><strong>tautum</strong></span> <span class='ocrx_word' id='word_1_57' title='bbox 1607 1143 1940 1211; x_wconf 73' lang='lat' dir='ltr'><strong>Annaeum</strong></span> <span class='ocrx_word' id='word_1_58' title='bbox 1974 1143 2271 1226; x_wconf 81' lang='lat' dir='ltr'><strong>legisset,</strong></span> <span class='ocrx_word' id='word_1_59' title='bbox 2300 1142 2529 1207; x_wconf 84' lang='lat' dir='ltr'><strong>statim</strong></span> <span class='ocrx_word' id='word_1_60' title='bbox 2560 1141 2681 1207; x_wconf 90' lang='lat' dir='ltr'><strong>Se-</strong></span> 
     </span>
     <span class='ocr_line' id='line_1_9' title="bbox 471 1245 2681 1334; baseline -0.002 -20"><span class='ocrx_word' id='word_1_61' title='bbox 471 1269 708 1314; x_wconf 89' lang='lat' dir='ltr'><strong>necam</strong></span> <span class='ocrx_word' id='word_1_62' title='bbox 733 1249 1076 1333; x_wconf 74' lang='lat' dir='ltr'><strong>cogitavit,</strong></span> <span class='ocrx_word' id='word_1_63' title='bbox 1109 1248 1292 1334; x_wconf 88' lang='lat' dir='ltr'><strong>quod</strong></span> <span class='ocrx_word' id='word_1_64' title='bbox 1319 1249 1649 1315; x_wconf 79' lang='lat' dir='ltr'><strong>notiorem</strong></span> <span class='ocrx_word' id='word_1_65' title='bbox 1676 1267 1762 1314; x_wconf 90' lang='lat' dir='ltr'><strong>eo</strong></span> <span class='ocrx_word' id='word_1_66' title='bbox 1803 1247 2089 1314; x_wconf 86' lang='lat' dir='ltr'><strong>Lucium</strong></span> <span class='ocrx_word' id='word_1_67' title='bbox 2118 1245 2451 1314; x_wconf 75' lang='lat' dir='ltr'><strong>Annaeum</strong></span> <span class='ocrx_word' id='word_1_68' title='bbox 2478 1245 2681 1312; x_wconf 83' lang='lat' dir='ltr'><strong>alium</strong></span> 
     </span>
     <span class='ocr_line' id='line_1_10' title="bbox 471 1348 2681 1442; baseline -0 -26"><span class='ocrx_word' id='word_1_69' title='bbox 471 1370 604 1416; x_wconf 85' lang='lat' dir='ltr'><strong>non</strong></span> <span class='ocrx_word' id='word_1_70' title='bbox 629 1349 934 1430; x_wconf 83' lang='lat' dir='ltr'><strong>haberet,</strong></span> <span class='ocrx_word' id='word_1_71' title='bbox 969 1359 1038 1418; x_wconf 89' lang='lat' dir='ltr'><strong>et</strong></span> <span class='ocrx_word' id='word_1_72' title='bbox 1061 1353 1156 1419; x_wconf 87' lang='lat' dir='ltr'><strong>ita</strong></span> <span class='ocrx_word' id='word_1_73' title='bbox 1169 1351 1550 1442; x_wconf 72' lang='lat' dir='ltr'><strong>imprudens</strong></span> <span class='ocrx_word' id='word_1_74' title='bbox 1575 1372 1815 1418; x_wconf 89' lang='lat' dir='ltr'><strong>nomen</strong></span> <span class='ocrx_word' id='word_1_75' title='bbox 1836 1351 2152 1429; x_wconf 82' lang='lat' dir='ltr'><strong>auctoris,</strong></span> <span class='ocrx_word' id='word_1_76' title='bbox 2172 1369 2370 1434; x_wconf 89' lang='lat' dir='ltr'><strong>quem</strong></span> <span class='ocrx_word' id='word_1_77' title='bbox 2400 1348 2681 1428; x_wconf 72' lang='lat' dir='ltr'><strong>citabat,</strong></span> 
     </span>
     <span class='ocr_line' id='line_1_11' title="bbox 470 1449 2682 1538; baseline -0.001 -20"><span class='ocrx_word' id='word_1_78' title='bbox 470 1453 650 1518; x_wconf 91' lang='lat' dir='ltr'><strong>male</strong></span> <span class='ocrx_word' id='word_1_79' title='bbox 691 1453 1006 1538; x_wconf 81' lang='lat' dir='ltr'><strong>concepit</strong></span> <span class='ocrx_word' id='word_1_80' title='bbox 1035 1454 1138 1519; x_wconf 81' lang='lat' dir='ltr'><strong>vir</strong></span> <span class='ocrx_word' id='word_1_81' title='bbox 1183 1454 1619 1520; x_wconf 87' lang='lat' dir='ltr'><strong>doctissimus</strong></span> <span class='ocrx_word' id='word_1_82' title='bbox 1653 1461 1720 1521; x_wconf 87' lang='lat' dir='ltr'><strong>et</strong></span> <span class='ocrx_word' id='word_1_83' title='bbox 1762 1453 2267 1520; x_wconf 74' lang='lat' dir='ltr'><strong>disertissimus.</strong></span> <span class='ocrx_word' id='word_1_84' title='bbox 2360 1449 2471 1514; x_wconf 90' lang='lat' dir='ltr'><strong>Illi</strong></span> <span class='ocrx_word' id='word_1_85' title='bbox 2498 1451 2682 1516; x_wconf 88' lang='lat' dir='ltr'><strong>enim</strong></span> 
     </span>
     <span class='ocr_line' id='line_1_12' title="bbox 467 1552 2679 1641; baseline -0.001 -21"><span class='ocrx_word' id='word_1_86' title='bbox 467 1573 619 1620; x_wconf 87' lang='lat' dir='ltr'><strong>mea</strong></span> <span class='ocrx_word' id='word_1_87' title='bbox 674 1555 940 1640; x_wconf 88' lang='lat' dir='ltr'><strong>quidem</strong></span> <span class='ocrx_word' id='word_1_88' title='bbox 988 1559 1308 1623; x_wconf 87' lang='lat' dir='ltr'><strong>sententia</strong></span> <span class='ocrx_word' id='word_1_89' title='bbox 1357 1575 1496 1624; x_wconf 90' lang='lat' dir='ltr'><strong>non</strong></span> <span class='ocrx_word' id='word_1_90' title='bbox 1549 1558 1785 1624; x_wconf 77' lang='lat' dir='ltr'><strong>leviter</strong></span> <span class='ocrx_word' id='word_1_91' title='bbox 1844 1563 2082 1635; x_wconf 86' lang='lat' dir='ltr'><strong>errant,</strong></span> <span class='ocrx_word' id='word_1_92' title='bbox 2143 1556 2259 1641; x_wconf 88' lang='lat' dir='ltr'><strong>qui</strong></span> <span class='ocrx_word' id='word_1_93' title='bbox 2312 1572 2451 1618; x_wconf 88' lang='lat' dir='ltr'><strong>non</strong></span> <span class='ocrx_word' id='word_1_94' title='bbox 2502 1552 2679 1618; x_wconf 85' lang='lat' dir='ltr'><strong>hunc</strong></span> 
     </span>
    </p>
   </div>
   <div class='ocr_carea' id='block_1_3' title="bbox 471 1653 2801 1756">
    <p class='ocr_par' dir='ltr' id='par_1_3' title="bbox 471 1653 2801 1756">
     <span class='ocr_line' id='line_1_13' title="bbox 471 1653 2801 1756; baseline -0 -35"><span class='ocrx_word' id='word_1_95' title='bbox 471 1661 816 1724; x_wconf 87' lang='lat' dir='ltr'><strong>auctorem</strong></span> <span class='ocrx_word' id='word_1_96' title='bbox 875 1664 1198 1737; x_wconf 67' lang='lat' dir='ltr'><strong>amm,</strong></span> <span class='ocrx_word' id='word_1_97' title='bbox 1245 1659 1364 1724; x_wconf 89' lang='lat' dir='ltr'><strong>sed</strong></span> <span class='ocrx_word' id='word_1_98' title='bbox 1423 1659 1755 1725; x_wconf 79' lang='lat' dir='ltr'><strong>Senecam</strong></span> <span class='ocrx_word' id='word_1_99' title='bbox 1796 1658 2089 1756; x_wconf 24' lang='lat' dir='ltr'><strong>&#39;primum</strong></span> <span class='ocrx_word' id='word_1_100' title='bbox 2138 1657 2212 1720; x_wconf 88' lang='lat' dir='ltr'><strong>in</strong></span> <span class='ocrx_word' id='word_1_101' title='bbox 2254 1656 2343 1721; x_wconf 90' lang='lat' dir='ltr'><strong>iis</strong></span> <span class='ocrx_word' id='word_1_102' title='bbox 2386 1653 2685 1738; x_wconf 78' lang='lat' dir='ltr'><strong>scriptis,</strong></span> <span class='ocrx_word' id='word_1_103' title='bbox 2782 1693 2801 1704; x_wconf 95' lang='lat'><em>-</em></span> 
     </span>
    </p>
   </div>
   <div class='ocr_carea' id='block_1_4' title="bbox 455 1758 2689 2754">
    <p class='ocr_par' dir='ltr' id='par_1_4' title="bbox 455 1758 2689 2754">
     <span class='ocr_line' id='line_1_14' title="bbox 471 1758 2684 1844; baseline -0.002 -21"><span class='ocrx_word' id='word_1_104' title='bbox 471 1777 626 1842; x_wconf 75' lang='lat' dir='ltr'><strong>quae</strong></span> <span class='ocrx_word' id='word_1_105' title='bbox 657 1758 748 1824; x_wconf 85' lang='lat' dir='ltr'><strong>ad</strong></span> <span class='ocrx_word' id='word_1_106' title='bbox 769 1778 896 1826; x_wconf 89' lang='lat' dir='ltr'><strong>nos</strong></span> <span class='ocrx_word' id='word_1_107' title='bbox 921 1778 1056 1825; x_wconf 88' lang='lat' dir='ltr'><strong>non</strong></span> <span class='ocrx_word' id='word_1_108' title='bbox 1083 1761 1522 1844; x_wconf 81' lang='lat' dir='ltr'><strong>pervenerint,</strong></span> <span class='ocrx_word' id='word_1_109' title='bbox 1539 1761 1716 1827; x_wconf 81' lang='lat' dir='ltr'><strong>hanc</strong></span> <span class='ocrx_word' id='word_1_110' title='bbox 1746 1759 2077 1826; x_wconf 80' lang='lat' dir='ltr'><strong>Romanae</strong></span> <span class='ocrx_word' id='word_1_111' title='bbox 2098 1758 2288 1824; x_wconf 86' lang='lat' dir='ltr'><strong>urbis</strong></span> <span class='ocrx_word' id='word_1_112' title='bbox 2312 1763 2684 1841; x_wconf 80' lang='lat' dir='ltr'><strong>temporum</strong></span> 
     </span>
     <span class='ocr_line' id='line_1_15' title="bbox 473 1857 2689 1944; baseline 0.001 -20"><span class='ocrx_word' id='word_1_113' title='bbox 473 1858 544 1924; x_wconf 89' lang='lat' dir='ltr'><strong>in</strong></span> <span class='ocrx_word' id='word_1_114' title='bbox 571 1865 812 1928; x_wconf 80' lang='lat' dir='ltr'><strong>aetates</strong></span> <span class='ocrx_word' id='word_1_115' title='bbox 840 1861 1368 1928; x_wconf 75' lang='lat' dir='ltr'><strong>distributionem</strong></span> <span class='ocrx_word' id='word_1_116' title='bbox 1393 1863 1763 1930; x_wconf 76' lang='lat' dir='ltr'><strong>instituisse</strong></span> <span class='ocrx_word' id='word_1_117' title='bbox 1788 1859 2221 1940; x_wconf 88' lang='lat' dir='ltr'><strong>contendunt,</strong></span> <span class='ocrx_word' id='word_1_118' title='bbox 2238 1877 2455 1944; x_wconf 85' lang='lat' dir='ltr'><strong>neque</strong></span> <span class='ocrx_word' id='word_1_119' title='bbox 2480 1857 2689 1926; x_wconf 79' lang='lat' dir='ltr'><strong>alium</strong></span> 
     </span>
     <span class='ocr_line' id='line_1_16' title="bbox 465 1957 2687 2048; baseline -0 -23"><span class='ocrx_word' id='word_1_120' title='bbox 465 1961 546 2025; x_wconf 80' lang='lat' dir='ltr'><strong>in</strong></span> <span class='ocrx_word' id='word_1_121' title='bbox 577 1961 936 2033; x_wconf 73' lang='lat' dir='ltr'><strong>Lactantio</strong></span> <span class='ocrx_word' id='word_1_122' title='bbox 983 1961 1228 2030; x_wconf 89' lang='lat' dir='ltr'><strong>debere</strong></span> <span class='ocrx_word' id='word_1_123' title='bbox 1269 1964 1548 2048; x_wconf 84' lang='lat' dir='ltr'><strong>intelligi</strong></span> <span class='ocrx_word' id='word_1_124' title='bbox 1599 1983 1809 2048; x_wconf 85' lang='lat' dir='ltr'><strong>quam</strong></span> <span class='ocrx_word' id='word_1_125' title='bbox 1850 1963 2179 2029; x_wconf 87' lang='lat' dir='ltr'><strong>Senecam</strong></span> <span class='ocrx_word' id='word_1_126' title='bbox 2216 1962 2439 2046; x_wconf 83' lang='lat' dir='ltr'><strong>ipsum</strong></span> <span class='ocrx_word' id='word_1_127' title='bbox 2464 1957 2687 2044; x_wconf 84' lang='lat' dir='ltr'><strong>philo-</strong></span> 
     </span>
     <span class='ocr_line' id='line_1_17' title="bbox 471 2061 2687 2153; baseline -0.002 -22"><span class='ocrx_word' id='word_1_128' title='bbox 471 2063 782 2148; x_wconf 77' lang='lat' dir='ltr'><strong>sophum.</strong></span> <span class='ocrx_word' id='word_1_129' title='bbox 867 2065 987 2132; x_wconf 87' lang='lat' dir='ltr'><strong>Sic</strong></span> <span class='ocrx_word' id='word_1_130' title='bbox 1035 2085 1198 2135; x_wconf 83' lang='lat' dir='ltr'><strong>sane</strong></span> <span class='ocrx_word' id='word_1_131' title='bbox 1242 2067 1375 2132; x_wconf 90' lang='lat' dir='ltr'><strong>sibi</strong></span> <span class='ocrx_word' id='word_1_132' title='bbox 1417 2085 1819 2153; x_wconf 85' lang='lat' dir='ltr'><strong>persuasum</strong></span> <span class='ocrx_word' id='word_1_133' title='bbox 1860 2063 2180 2144; x_wconf 86' lang='lat' dir='ltr'><strong>habeant,</strong></span> <span class='ocrx_word' id='word_1_134' title='bbox 2210 2062 2370 2127; x_wconf 88' lang='lat' dir='ltr'><strong>dum</strong></span> <span class='ocrx_word' id='word_1_135' title='bbox 2410 2061 2565 2128; x_wconf 74' lang='lat' dir='ltr'><strong>aliis</strong></span> <span class='ocrx_word' id='word_1_136' title='bbox 2604 2079 2687 2126; x_wconf 89' lang='lat' dir='ltr'><strong>ne</strong></span> 
     </span>
     <span class='ocr_line' id='line_1_18' title="bbox 455 2162 2689 2252; baseline -0.002 -19"><span class='ocrx_word' id='word_1_137' title='bbox 455 2167 962 2250; x_wconf 72' lang='lat' dir='ltr'><strong>‘persuadeant3</strong></span> <span class='ocrx_word' id='word_1_138' title='bbox 1005 2168 1107 2233; x_wconf 85' lang='lat' dir='ltr'><strong>ita</strong></span> <span class='ocrx_word' id='word_1_139' title='bbox 1137 2167 1315 2232; x_wconf 86' lang='lat' dir='ltr'><strong>enim</strong></span> <span class='ocrx_word' id='word_1_140' title='bbox 1341 2169 1499 2252; x_wconf 85' lang='lat' dir='ltr'><strong>ipsa</strong></span> <span class='ocrx_word' id='word_1_141' title='bbox 1525 2187 1725 2252; x_wconf 77' lang='lat' dir='ltr'><strong>paene</strong></span> <span class='ocrx_word' id='word_1_142' title='bbox 1752 2165 1961 2232; x_wconf 79' lang='lat' dir='ltr'><strong>verba</strong></span> <span class='ocrx_word' id='word_1_143' title='bbox 1997 2164 2185 2228; x_wconf 85' lang='lat' dir='ltr'><strong>Flori</strong></span> <span class='ocrx_word' id='word_1_144' title='bbox 2222 2162 2531 2248; x_wconf 86' lang='lat' dir='ltr'><strong>producit</strong></span> <span class='ocrx_word' id='word_1_145' title='bbox 2576 2162 2689 2228; x_wconf 78' lang='lat' dir='ltr'><strong>ille</strong></span> 
     </span>
     <span class='ocr_line' id='line_1_19' title="bbox 471 2263 2689 2354; baseline -0.002 -22"><span class='ocrx_word' id='word_1_146' title='bbox 471 2275 750 2335; x_wconf 86' lang='lat' dir='ltr'><strong>sanctus</strong></span> <span class='ocrx_word' id='word_1_147' title='bbox 779 2269 1107 2354; x_wconf 80' lang='lat' dir='ltr'><strong>scriptor,</strong></span> <span class='ocrx_word' id='word_1_148' title='bbox 1135 2277 1238 2347; x_wconf 87' lang='lat' dir='ltr'><strong>ut,</strong></span> <span class='ocrx_word' id='word_1_149' title='bbox 1289 2270 1576 2352; x_wconf 90' lang='lat' dir='ltr'><strong>quinon</strong></span> <span class='ocrx_word' id='word_1_150' title='bbox 1609 2267 1838 2351; x_wconf 86' lang='lat' dir='ltr'><strong>hujus,</strong></span> <span class='ocrx_word' id='word_1_151' title='bbox 1880 2267 2000 2332; x_wconf 86' lang='lat' dir='ltr'><strong>sed</strong></span> <span class='ocrx_word' id='word_1_152' title='bbox 2030 2265 2304 2332; x_wconf 80' lang='lat' dir='ltr'><strong>alterins</strong></span> <span class='ocrx_word' id='word_1_153' title='bbox 2332 2263 2689 2348; x_wconf 83' lang='lat' dir='ltr'><strong>cujusdam</strong></span> 
     </span>
     <span class='ocr_line' id='line_1_20' title="bbox 469 2369 2686 2455; baseline -0.001 -21"><span class='ocrx_word' id='word_1_154' title='bbox 469 2370 766 2435; x_wconf 79' lang='lat' dir='ltr'><strong>auctoris</strong></span> <span class='ocrx_word' id='word_1_155' title='bbox 795 2371 885 2436; x_wconf 83' lang='lat' dir='ltr'><strong>ab</strong></span> <span class='ocrx_word' id='word_1_156' title='bbox 925 2389 1016 2436; x_wconf 87' lang='lat' dir='ltr'><strong>eo</strong></span> <span class='ocrx_word' id='word_1_157' title='bbox 1050 2371 1254 2436; x_wconf 80' lang='lat' dir='ltr'><strong>verba</strong></span> <span class='ocrx_word' id='word_1_158' title='bbox 1281 2370 1566 2455; x_wconf 84' lang='lat' dir='ltr'><strong>produci</strong></span> <span class='ocrx_word' id='word_1_159' title='bbox 1607 2370 1966 2446; x_wconf 84' lang='lat' dir='ltr'><strong>existimet,</strong></span> <span class='ocrx_word' id='word_1_160' title='bbox 1996 2385 2222 2434; x_wconf 83' lang='lat' dir='ltr'><strong>meras</strong></span> <span class='ocrx_word' id='word_1_161' title='bbox 2264 2383 2481 2448; x_wconf 82' lang='lat' dir='ltr'><strong>nugas</strong></span> <span class='ocrx_word' id='word_1_162' title='bbox 2507 2369 2686 2448; x_wconf 77' lang='lat' dir='ltr'><strong>agat.</strong></span> 
     </span>
     <span class='ocr_line' id='line_1_21' title="bbox 467 2467 2687 2557; baseline -0 -23"><span class='ocrx_word' id='word_1_163' title='bbox 467 2469 612 2536; x_wconf 88' lang='lat' dir='ltr'><strong>Sed</strong></span> <span class='ocrx_word' id='word_1_164' title='bbox 637 2491 764 2557; x_wconf 85' lang='lat' dir='ltr'><strong>per</strong></span> <span class='ocrx_word' id='word_1_165' title='bbox 783 2481 909 2539; x_wconf 84' lang='lat' dir='ltr'><strong>nos</strong></span> <span class='ocrx_word' id='word_1_166' title='bbox 929 2473 1112 2552; x_wconf 90' lang='lat' dir='ltr'><strong>licet,</strong></span> <span class='ocrx_word' id='word_1_167' title='bbox 1141 2474 1240 2539; x_wconf 91' lang='lat' dir='ltr'><strong>illi</strong></span> <span class='ocrx_word' id='word_1_168' title='bbox 1254 2473 1521 2557; x_wconf 88' lang='lat' dir='ltr'><strong>judicio</strong></span> <span class='ocrx_word' id='word_1_169' title='bbox 1545 2491 1671 2539; x_wconf 84' lang='lat' dir='ltr'><strong>suo</strong></span> <span class='ocrx_word' id='word_1_170' title='bbox 1695 2471 2009 2540; x_wconf 81' lang='lat' dir='ltr'><strong>fruantur.</strong></span> <span class='ocrx_word' id='word_1_171' title='bbox 2055 2467 2219 2535; x_wconf 87' lang='lat' dir='ltr'><strong>Non</strong></span> <span class='ocrx_word' id='word_1_172' title='bbox 2234 2467 2435 2533; x_wconf 87' lang='lat' dir='ltr'><strong>hodie</strong></span> <span class='ocrx_word' id='word_1_173' title='bbox 2462 2473 2687 2533; x_wconf 85' lang='lat' dir='ltr'><strong>autem</strong></span> 
     </span>
     <span class='ocr_line' id='line_1_22' title="bbox 469 2571 2689 2656; baseline -0 -22"><span class='ocrx_word' id='word_1_174' title='bbox 469 2576 676 2656; x_wconf 85' lang='lat' dir='ltr'><strong>atque</strong></span> <span class='ocrx_word' id='word_1_175' title='bbox 699 2574 840 2638; x_wconf 86' lang='lat' dir='ltr'><strong>heri</strong></span> <span class='ocrx_word' id='word_1_176' title='bbox 864 2575 994 2638; x_wconf 88' lang='lat' dir='ltr'><strong>hos</strong></span> <span class='ocrx_word' id='word_1_177' title='bbox 1029 2574 1284 2652; x_wconf 85' lang='lat' dir='ltr'><strong>titulos,</strong></span> <span class='ocrx_word' id='word_1_178' title='bbox 1312 2574 1384 2636; x_wconf 90' lang='lat' dir='ltr'><strong>in</strong></span> <span class='ocrx_word' id='word_1_179' title='bbox 1411 2574 1665 2654; x_wconf 85' lang='lat' dir='ltr'><strong>quibus</strong></span> <span class='ocrx_word' id='word_1_180' title='bbox 1708 2571 1895 2634; x_wconf 82' lang='lat' dir='ltr'><strong>Flori</strong></span> <span class='ocrx_word' id='word_1_181' title='bbox 1936 2589 2178 2634; x_wconf 85' lang='lat' dir='ltr'><strong>nomen</strong></span> <span class='ocrx_word' id='word_1_182' title='bbox 2204 2573 2421 2644; x_wconf 82' lang='lat' dir='ltr'><strong>extat,</strong></span> <span class='ocrx_word' id='word_1_183' title='bbox 2460 2587 2689 2633; x_wconf 79' lang='lat' dir='ltr'><strong>exem·</strong></span> 
     </span>
     <span class='ocr_line' id='line_1_23' title="bbox 469 2667 2686 2754; baseline -0.002 -18"><span class='ocrx_word' id='word_1_184' title='bbox 469 2671 774 2754; x_wconf 70' lang='lat' dir='ltr'><strong>plan-ibus</strong></span> <span class='ocrx_word' id='word_1_185' title='bbox 829 2689 876 2736; x_wconf 84' lang='lat' dir='ltr'><strong>a</strong></span> <span class='ocrx_word' id='word_1_186' title='bbox 929 2673 1222 2736; x_wconf 76' lang='lat' dir='ltr'><strong>librariis</strong></span> <span class='ocrx_word' id='word_1_187' title='bbox 1273 2670 1488 2735; x_wconf 82' lang='lat' dir='ltr'><strong>fuisse</strong></span> <span class='ocrx_word' id='word_1_188' title='bbox 1542 2669 1819 2746; x_wconf 83' lang='lat' dir='ltr'><strong>inditos,</strong></span> <span class='ocrx_word' id='word_1_189' title='bbox 1868 2687 2023 2732; x_wconf 80' lang='lat' dir='ltr'><strong>vere</strong></span> <span class='ocrx_word' id='word_1_190' title='bbox 2070 2667 2236 2730; x_wconf 87' lang='lat' dir='ltr'><strong>mihi</strong></span> <span class='ocrx_word' id='word_1_191' title='bbox 2288 2668 2686 2752; x_wconf 76' lang='lat' dir='ltr'><strong>persuadeo.</strong></span> 
     </span>
    </p>
   </div>
   <div class='ocr_carea' id='block_1_5' title="bbox 471 2768 2739 4289">
    <p class='ocr_par' dir='ltr' id='par_1_5' title="bbox 471 2768 2739 4289">
     <span class='ocr_line' id='line_1_24' title="bbox 473 2768 2687 2850; baseline -0.001 -14"><span class='ocrx_word' id='word_1_192' title='bbox 473 2771 672 2839; x_wconf 84' lang='lat' dir='ltr'><strong>Licet</strong></span> <span class='ocrx_word' id='word_1_193' title='bbox 715 2773 912 2840; x_wconf 87' lang='lat' dir='ltr'><strong>aliter</strong></span> <span class='ocrx_word' id='word_1_194' title='bbox 953 2771 1200 2838; x_wconf 87' lang='lat' dir='ltr'><strong>sentire</strong></span> <span class='ocrx_word' id='word_1_195' title='bbox 1229 2772 1492 2837; x_wconf 82' lang='lat' dir='ltr'><strong>videam</strong></span> <span class='ocrx_word' id='word_1_196' title='bbox 1519 2772 1705 2837; x_wconf 85' lang='lat' dir='ltr'><strong>viros</strong></span> <span class='ocrx_word' id='word_1_197' title='bbox 1736 2789 1873 2840; x_wconf 86' lang='lat' dir='ltr'><strong>non</strong></span> <span class='ocrx_word' id='word_1_198' title='bbox 1916 2768 2337 2836; x_wconf 85' lang='lat' dir='ltr'><strong>mediocriter</strong></span> <span class='ocrx_word' id='word_1_199' title='bbox 2364 2768 2687 2850; x_wconf 83' lang='lat' dir='ltr'><strong>eruditos,</strong></span> 
     </span>
     <span class='ocr_line' id='line_1_25' title="bbox 473 2871 2691 2959; baseline 0 -21"><span class='ocrx_word' id='word_1_200' title='bbox 473 2874 590 2958; x_wconf 87' lang='lat' dir='ltr'><strong>qui</strong></span> <span class='ocrx_word' id='word_1_201' title='bbox 615 2879 924 2940; x_wconf 82' lang='lat' dir='ltr'><strong>recentes</strong></span> <span class='ocrx_word' id='word_1_202' title='bbox 953 2889 1110 2940; x_wconf 81' lang='lat' dir='ltr'><strong>esse</strong></span> <span class='ocrx_word' id='word_1_203' title='bbox 1141 2873 1240 2936; x_wconf 64' lang='grc' dir='ltr'><strong>καὶ</strong></span> <span class='ocrx_word' id='word_1_204' title='bbox 1262 2875 1324 2936; x_wconf 81' lang='grc' dir='ltr'><strong>οὐ</strong></span> <span class='ocrx_word' id='word_1_205' title='bbox 1351 2876 1612 2947; x_wconf 70' lang='grc' dir='ltr'><strong>παλαιᾶς</strong></span> <span class='ocrx_word' id='word_1_206' title='bbox 1634 2872 1831 2959; x_wconf 69' lang='grc' dir='ltr'><strong><em>χειρὸς</em></strong></span> <span class='ocrx_word' id='word_1_207' title='bbox 1848 2871 2260 2938; x_wconf 80' lang='lat' dir='ltr'><strong>existimant.</strong></span> <span class='ocrx_word' id='word_1_208' title='bbox 2348 2871 2485 2937; x_wconf 89' lang='lat' dir='ltr'><strong>Sed</strong></span> <span class='ocrx_word' id='word_1_209' title='bbox 2517 2872 2691 2938; x_wconf 82' lang='lat' dir='ltr'><strong>unde</strong></span> 
     </span>
     <span class='ocr_line' id='line_1_26' title="bbox 471 2973 2688 3060; baseline 0 -21"><span class='ocrx_word' id='word_1_210' title='bbox 471 2975 738 3060; x_wconf 85' lang='lat' dir='ltr'><strong>ineptus</strong></span> <span class='ocrx_word' id='word_1_211' title='bbox 793 2975 980 3042; x_wconf 84' lang='lat' dir='ltr'><strong>illius</strong></span> <span class='ocrx_word' id='word_1_212' title='bbox 1034 2977 1296 3060; x_wconf 79' lang='lat' dir='ltr'><strong>prologi</strong></span> <span class='ocrx_word' id='word_1_213' title='bbox 1363 2981 1623 3056; x_wconf 79' lang='lat' dir='ltr'><strong>auctor,</strong></span> <span class='ocrx_word' id='word_1_214' title='bbox 1671 2973 1790 3060; x_wconf 87' lang='lat' dir='ltr'><strong>qui</strong></span> <span class='ocrx_word' id='word_1_215' title='bbox 1851 2975 2091 3058; x_wconf 55' lang='lat' dir='ltr'><strong>leffltur</strong></span> <span class='ocrx_word' id='word_1_216' title='bbox 2144 2975 2215 3038; x_wconf 90' lang='lat' dir='ltr'><strong>in</strong></span> <span class='ocrx_word' id='word_1_217' title='bbox 2275 2973 2688 3057; x_wconf 87' lang='lat' dir='ltr'><strong>quibusdam</strong></span> 
     </span>
     <span class='ocr_line' id='line_1_27' title="bbox 475 3077 2689 3162; baseline -0 -19"><span class='ocrx_word' id='word_1_218' title='bbox 475 3079 765 3144; x_wconf 81' lang='lat' dir='ltr'><strong>vetustis</strong></span> <span class='ocrx_word' id='word_1_219' title='bbox 791 3078 1325 3162; x_wconf 81' lang='lat' dir='ltr'><strong>exemplaribus,</strong></span> <span class='ocrx_word' id='word_1_220' title='bbox 1370 3079 1556 3144; x_wconf 83' lang='lat' dir='ltr'><strong>Flori</strong></span> <span class='ocrx_word' id='word_1_221' title='bbox 1591 3096 1835 3145; x_wconf 87' lang='lat' dir='ltr'><strong>nomen</strong></span> <span class='ocrx_word' id='word_1_222' title='bbox 1876 3077 2282 3161; x_wconf 86' lang='lat' dir='ltr'><strong>accepisset,</strong></span> <span class='ocrx_word' id='word_1_223' title='bbox 2326 3078 2387 3142; x_wconf 90' lang='lat' dir='ltr'><strong>si</strong></span> <span class='ocrx_word' id='word_1_224' title='bbox 2427 3078 2689 3142; x_wconf 79' lang='lat' dir='ltr'><strong>nonita</strong></span> 
     </span>
     <span class='ocr_line' id='line_1_28' title="bbox 479 3177 2687 3266; baseline 0 -23"><span class='ocrx_word' id='word_1_225' title='bbox 479 3185 552 3243; x_wconf 89' lang='lat' dir='ltr'><strong>ut</strong></span> <span class='ocrx_word' id='word_1_226' title='bbox 577 3179 650 3244; x_wconf 90' lang='lat' dir='ltr'><strong>in</strong></span> <span class='ocrx_word' id='word_1_227' title='bbox 677 3181 1179 3260; x_wconf 82' lang='lat' dir='ltr'><strong>vetustissimis,</strong></span> <span class='ocrx_word' id='word_1_228' title='bbox 1201 3184 1320 3266; x_wconf 85' lang='lat' dir='ltr'><strong>qui</strong></span> <span class='ocrx_word' id='word_1_229' title='bbox 1347 3177 1552 3248; x_wconf 84' lang='lat' dir='ltr'><strong>hodie</strong></span> <span class='ocrx_word' id='word_1_230' title='bbox 1569 3187 1801 3248; x_wconf 83' lang='lat' dir='ltr'><strong>extent</strong></span> <span class='ocrx_word' id='word_1_231' title='bbox 1822 3179 2217 3256; x_wconf 83' lang='lat' dir='ltr'><strong>Codicibus,</strong></span> <span class='ocrx_word' id='word_1_232' title='bbox 2240 3178 2424 3245; x_wconf 90' lang='lat' dir='ltr'><strong>Flori</strong></span> <span class='ocrx_word' id='word_1_233' title='bbox 2440 3196 2687 3244; x_wconf 86' lang='lat' dir='ltr'><strong>nomen</strong></span> 
     </span>
     <span class='ocr_line' id='line_1_29' title="bbox 475 3279 2687 3367; baseline 0 -22"><span class='ocrx_word' id='word_1_234' title='bbox 475 3279 884 3367; x_wconf 83' lang='lat' dir='ltr'><strong>adscriptum</strong></span> <span class='ocrx_word' id='word_1_235' title='bbox 912 3285 1270 3367; x_wconf 87' lang='lat' dir='ltr'><strong>reperisset</strong></span> <span class='ocrx_word' id='word_1_236' title='bbox 1295 3285 1366 3348; x_wconf 86' lang='lat' dir='ltr'><strong>in</strong></span> <span class='ocrx_word' id='word_1_237' title='bbox 1395 3284 1580 3350; x_wconf 87' lang='lat' dir='ltr'><strong>illius</strong></span> <span class='ocrx_word' id='word_1_238' title='bbox 1611 3283 1745 3350; x_wconf 75' lang='lat' dir='ltr'><strong>nevi</strong></span> <span class='ocrx_word' id='word_1_239' title='bbox 1765 3282 2053 3348; x_wconf 80' lang='lat' dir='ltr'><strong>vetustis</strong></span> <span class='ocrx_word' id='word_1_240' title='bbox 2079 3279 2271 3346; x_wconf 90' lang='lat' dir='ltr'><strong>libris</strong></span> <span class='ocrx_word' id='word_1_241' title='bbox 2286 3283 2320 3345; x_wconf 72' lang='lat' dir='ltr'><strong>&#39;l</strong></span> <span class='ocrx_word' id='word_1_242' title='bbox 2378 3279 2515 3360; x_wconf 83' lang='lat' dir='ltr'><strong>Qui</strong></span> <span class='ocrx_word' id='word_1_243' title='bbox 2532 3301 2687 3346; x_wconf 87' lang='lat' dir='ltr'><strong>cum</strong></span> 
     </span>
     <span class='ocr_line' id='line_1_30' title="bbox 477 3381 2685 3466; baseline 0.001 -19"><span class='ocrx_word' id='word_1_244' title='bbox 477 3382 688 3462; x_wconf 87' lang='lat' dir='ltr'><strong>dicat,</strong></span> <span class='ocrx_word' id='word_1_245' title='bbox 733 3389 754 3420; x_wconf 79' lang='lat'><em>⁶</em></span> <span class='ocrx_word' id='word_1_246' title='bbox 788 3383 970 3450; x_wconf 88' lang='lat' dir='ltr'><strong>Nam</strong></span> <span class='ocrx_word' id='word_1_247' title='bbox 1019 3386 1205 3452; x_wconf 88' lang='lat' dir='ltr'><strong>Flori</strong></span> <span class='ocrx_word' id='word_1_248' title='bbox 1239 3404 1376 3451; x_wconf 86' lang='lat' dir='ltr'><strong>non</strong></span> <span class='ocrx_word' id='word_1_249' title='bbox 1415 3392 1524 3452; x_wconf 90' lang='lat' dir='ltr'><strong>est</strong></span> <span class='ocrx_word' id='word_1_250' title='bbox 1565 3387 1665 3451; x_wconf 88' lang='lat' dir='ltr'><strong>ibi</strong></span> <span class='ocrx_word' id='word_1_251' title='bbox 1704 3383 1997 3462; x_wconf 88' lang='lat' dir='ltr'><strong>mentio,’</strong></span> <span class='ocrx_word' id='word_1_252' title='bbox 2038 3381 2347 3447; x_wconf 87' lang='lat' dir='ltr'><strong>codicem</strong></span> <span class='ocrx_word' id='word_1_253' title='bbox 2389 3383 2685 3466; x_wconf 83' lang='lat' dir='ltr'><strong>aliquem</strong></span> 
     </span>
     <span class='ocr_line' id='line_1_31' title="bbox 475 3483 2686 3572; baseline 0 -23"><span class='ocrx_word' id='word_1_254' title='bbox 475 3486 824 3571; x_wconf 88' lang='lat' dir='ltr'><strong>antiquum</strong></span> <span class='ocrx_word' id='word_1_255' title='bbox 849 3497 922 3553; x_wconf 90' lang='lat' dir='ltr'><strong>et</strong></span> <span class='ocrx_word' id='word_1_256' title='bbox 959 3491 1236 3572; x_wconf 69' lang='lat' dir='ltr'><strong>optimae</strong></span> <span class='ocrx_word' id='word_1_257' title='bbox 1263 3494 1440 3554; x_wconf 77' lang='lat' dir='ltr'><strong>notoe</strong></span> <span class='ocrx_word' id='word_1_258' title='bbox 1487 3488 1576 3553; x_wconf 88' lang='lat' dir='ltr'><strong>ab</strong></span> <span class='ocrx_word' id='word_1_259' title='bbox 1615 3507 1700 3553; x_wconf 94' lang='lat' dir='ltr'><strong>eo</strong></span> <span class='ocrx_word' id='word_1_260' title='bbox 1742 3486 2078 3570; x_wconf 82' lang='lat' dir='ltr'><strong>designari</strong></span> <span class='ocrx_word' id='word_1_261' title='bbox 2118 3489 2309 3569; x_wconf 85' lang='lat' dir='ltr'><strong>puto.</strong></span> <span class='ocrx_word' id='word_1_262' title='bbox 2396 3483 2686 3564; x_wconf 81' lang='lat' dir='ltr'><strong>Nazari-</strong></span> 
     </span>
     <span class='ocr_line' id='line_1_32' title="bbox 477 3586 2690 3674; baseline 0 -22"><span class='ocrx_word' id='word_1_263' title='bbox 477 3605 649 3652; x_wconf 90' lang='lat' dir='ltr'><strong>anus</strong></span> <span class='ocrx_word' id='word_1_264' title='bbox 683 3587 877 3668; x_wconf 89' lang='lat' dir='ltr'><strong>liber,</strong></span> <span class='ocrx_word' id='word_1_265' title='bbox 903 3591 1499 3674; x_wconf 79' lang='lat' dir='ltr'><strong>manuscriptorum</strong></span> <span class='ocrx_word' id='word_1_266' title='bbox 1525 3589 1825 3654; x_wconf 88' lang='lat' dir='ltr'><strong>omnium</strong></span> <span class='ocrx_word' id='word_1_267' title='bbox 1852 3587 2096 3672; x_wconf 86' lang='lat' dir='ltr'><strong>quibus</strong></span> <span class='ocrx_word' id='word_1_268' title='bbox 2124 3586 2233 3651; x_wconf 88' lang='lat' dir='ltr'><strong>usi</strong></span> <span class='ocrx_word' id='word_1_269' title='bbox 2262 3605 2491 3652; x_wconf 88' lang='lat' dir='ltr'><strong>sumus</strong></span> <span class='ocrx_word' id='word_1_270' title='bbox 2521 3588 2690 3652; x_wconf 85' lang='lat' dir='ltr'><strong>anti-</strong></span> 
     </span>
     <span class='ocr_line' id='line_1_33' title="bbox 477 3690 2685 3777; baseline -0.001 -22"><span class='ocrx_word' id='word_1_271' title='bbox 477 3690 868 3772; x_wconf 76' lang='lat' dir='ltr'><strong>quissimuS,</strong></span> <span class='ocrx_word' id='word_1_272' title='bbox 897 3697 974 3756; x_wconf 89' lang='lat' dir='ltr'><strong>ut</strong></span> <span class='ocrx_word' id='word_1_273' title='bbox 1013 3711 1211 3777; x_wconf 89' lang='lat' dir='ltr'><strong>quem</strong></span> <span class='ocrx_word' id='word_1_274' title='bbox 1255 3699 1413 3758; x_wconf 89' lang='lat' dir='ltr'><strong>ante</strong></span> <span class='ocrx_word' id='word_1_275' title='bbox 1458 3691 1873 3775; x_wconf 82' lang='lat' dir='ltr'><strong>octingentos</strong></span> <span class='ocrx_word' id='word_1_276' title='bbox 1918 3708 2133 3756; x_wconf 85' lang='lat' dir='ltr'><strong>annos</strong></span> <span class='ocrx_word' id='word_1_277' title='bbox 2178 3690 2501 3774; x_wconf 86' lang='lat' dir='ltr'><strong>scriptum</strong></span> <span class='ocrx_word' id='word_1_278' title='bbox 2528 3707 2685 3752; x_wconf 87' lang='lat' dir='ltr'><strong>esse</strong></span> 
     </span>
     <span class='ocr_line' id='line_1_34' title="bbox 475 3787 2685 3878; baseline -0.002 -22"><span class='ocrx_word' id='word_1_279' title='bbox 475 3790 828 3858; x_wconf 84' lang='lat' dir='ltr'><strong>manifesta</strong></span> <span class='ocrx_word' id='word_1_280' title='bbox 884 3795 972 3858; x_wconf 88' lang='lat' dir='ltr'><strong>sit</strong></span> <span class='ocrx_word' id='word_1_281' title='bbox 1021 3793 1214 3873; x_wconf 88' lang='lat' dir='ltr'><strong>fides,</strong></span> <span class='ocrx_word' id='word_1_282' title='bbox 1269 3793 1516 3878; x_wconf 86' lang='lat' dir='ltr'><strong>quique</strong></span> <span class='ocrx_word' id='word_1_283' title='bbox 1567 3793 1867 3861; x_wconf 82' lang='lat' dir='ltr'><strong>bonitate</strong></span> <span class='ocrx_word' id='word_1_284' title='bbox 1914 3798 2189 3876; x_wconf 86' lang='lat' dir='ltr'><strong>superat</strong></span> <span class='ocrx_word' id='word_1_285' title='bbox 2233 3810 2467 3875; x_wconf 85' lang='lat' dir='ltr'><strong>agmen</strong></span> <span class='ocrx_word' id='word_1_286' title='bbox 2516 3787 2685 3852; x_wconf 89' lang='lat' dir='ltr'><strong>illud</strong></span> 
     </span>
     <span class='ocr_line' id='line_1_35' title="bbox 477 3889 2685 3983; baseline -0.002 -24"><span class='ocrx_word' id='word_1_287' title='bbox 477 3891 810 3960; x_wconf 87' lang='lat' dir='ltr'><strong>Codicum</strong></span> <span class='ocrx_word' id='word_1_288' title='bbox 835 3897 1086 3980; x_wconf 86' lang='lat' dir='ltr'><strong>quibus</strong></span> <span class='ocrx_word' id='word_1_289' title='bbox 1115 3896 1382 3983; x_wconf 86' lang='lat' dir='ltr'><strong>adjutus</strong></span> <span class='ocrx_word' id='word_1_290' title='bbox 1421 3902 1528 3962; x_wconf 88' lang='lat' dir='ltr'><strong>est</strong></span> <span class='ocrx_word' id='word_1_291' title='bbox 1570 3898 1642 3961; x_wconf 90' lang='lat' dir='ltr'><strong>in</strong></span> <span class='ocrx_word' id='word_1_292' title='bbox 1677 3894 1882 3980; x_wconf 82' lang='lat' dir='ltr'><strong>hujus</strong></span> <span class='ocrx_word' id='word_1_293' title='bbox 1912 3893 2251 3982; x_wconf 75' lang='grc' dir='ltr'><strong><em>ἐγχειριδίου</em></strong></span> <span class='ocrx_word' id='word_1_294' title='bbox 2294 3889 2685 3956; x_wconf 89' lang='lat' dir='ltr'><strong>recensione</strong></span> 
     </span>
     <span class='ocr_line' id='line_1_36' title="bbox 477 3986 2685 4080; baseline -0.002 -20"><span class='ocrx_word' id='word_1_295' title='bbox 477 3997 770 4080; x_wconf 85' lang='lat' dir='ltr'><strong>optimus</strong></span> <span class='ocrx_word' id='word_1_296' title='bbox 816 4002 886 4062; x_wconf 90' lang='lat' dir='ltr'><strong>et</strong></span> <span class='ocrx_word' id='word_1_297' title='bbox 932 3997 1360 4064; x_wconf 84' lang='lat' dir='ltr'><strong>doctissimus</strong></span> <span class='ocrx_word' id='word_1_298' title='bbox 1409 3997 1722 4078; x_wconf 81' lang='lat' dir='ltr'><strong>Vinctus,</strong></span> <span class='ocrx_word' id='word_1_299' title='bbox 1770 4002 1791 4032; x_wconf 90' lang='lat'>‘</span> <span class='ocrx_word' id='word_1_300' title='bbox 1824 3997 2021 4063; x_wconf 87' lang='lat' dir='ltr'><strong>Lucii</strong></span> <span class='ocrx_word' id='word_1_301' title='bbox 2065 3994 2309 4062; x_wconf 78' lang='lat' dir='ltr'><strong>Annaei</strong></span> <span class='ocrx_word' id='word_1_302' title='bbox 2334 3986 2587 4068; x_wconf 73' lang='lat' dir='ltr'><strong>,Flori,’</strong></span> <span class='ocrx_word' id='word_1_303' title='bbox 2614 3991 2685 4056; x_wconf 89' lang='lat' dir='ltr'><strong>in</strong></span> 
     </span>
     <span class='ocr_line' id='line_1_37' title="bbox 476 4087 2739 4186; baseline 0.002 -24"><span class='ocrx_word' id='word_1_304' title='bbox 476 4099 672 4164; x_wconf 79' lang='lat' dir='ltr'><strong>titulo</strong></span> <span class='ocrx_word' id='word_1_305' title='bbox 698 4101 992 4183; x_wconf 78' lang='lat' dir='ltr'><strong>proefert.</strong></span> <span class='ocrx_word' id='word_1_306' title='bbox 1081 4099 1151 4165; x_wconf 92' lang='lat' dir='ltr'>N</span> <span class='ocrx_word' id='word_1_307' title='bbox 1155 4119 1244 4166; x_wconf 90' lang='lat' dir='ltr'><strong>on</strong></span> <span class='ocrx_word' id='word_1_308' title='bbox 1275 4100 1452 4166; x_wconf 89' lang='lat' dir='ltr'><strong>alius</strong></span> <span class='ocrx_word' id='word_1_309' title='bbox 1477 4105 1709 4186; x_wconf 88' lang='lat' dir='ltr'><strong>potest</strong></span> <span class='ocrx_word' id='word_1_310' title='bbox 1734 4118 1889 4166; x_wconf 84' lang='lat' dir='ltr'><strong>esse</strong></span> <span class='ocrx_word' id='word_1_311' title='bbox 1918 4099 2161 4164; x_wconf 87' lang='lat' dir='ltr'><strong>Florus</strong></span> <span class='ocrx_word' id='word_1_312' title='bbox 2188 4114 2391 4180; x_wconf 86' lang='lat' dir='ltr'><strong>quam</strong></span> <span class='ocrx_word' id='word_1_313' title='bbox 2418 4092 2533 4160; x_wconf 90' lang='lat' dir='ltr'><strong>ille</strong></span> <span class='ocrx_word' id='word_1_314' title='bbox 2562 4087 2683 4182; x_wconf 84' lang='lat' dir='ltr'><strong>qui</strong></span> <span class='ocrx_word' id='word_1_315' title='bbox 2730 4155 2739 4166; x_wconf 95' lang='lat'><em>.</em></span> 
     </span>
     <span class='ocr_line' id='line_1_38' title="bbox 477 4196 2681 4289; baseline -0.002 -25"><span class='ocrx_word' id='word_1_316' title='bbox 477 4197 750 4282; x_wconf 64' lang='lat' dir='ltr'><strong>&#39;trajani</strong></span> <span class='ocrx_word' id='word_1_317' title='bbox 779 4210 852 4271; x_wconf 90' lang='lat' dir='ltr'><strong>et</strong></span> <span class='ocrx_word' id='word_1_318' title='bbox 894 4201 1226 4272; x_wconf 82' lang='lat' dir='ltr'><strong>Hadriani</strong></span> <span class='ocrx_word' id='word_1_319' title='bbox 1254 4205 1666 4289; x_wconf 84' lang='lat' dir='ltr'><strong>temporibus</strong></span> <span class='ocrx_word' id='word_1_320' title='bbox 1706 4201 1951 4282; x_wconf 80' lang='lat' dir='ltr'><strong>floruit,</strong></span> <span class='ocrx_word' id='word_1_321' title='bbox 1979 4201 2097 4284; x_wconf 86' lang='lat' dir='ltr'><strong>qui</strong></span> <span class='ocrx_word' id='word_1_322' title='bbox 2134 4199 2209 4264; x_wconf 89' lang='lat' dir='ltr'><strong>in</strong></span> <span class='ocrx_word' id='word_1_323' title='bbox 2248 4196 2562 4283; x_wconf 85' lang='lat' dir='ltr'><strong>Epistola</strong></span> <span class='ocrx_word' id='word_1_324' title='bbox 2590 4197 2681 4263; x_wconf 82' lang='lat' dir='ltr'><strong>ad</strong></span> 
     </span>
    </p>
   </div>
  </div>
 </body>
</html>
