3234 4909
882 418 947 464 ι..
994 418 1253 467 summ
1302 418 1525 467 nolu
1578 420 1724 467 mn.
1773 420 1823 468 1.
1863 420 2034 469 cst».
2078 405 2186 469 11.

436 558 587 624 Bss.)
630 561 811 611 rrui'sv.
872 574 955 625 ap.
991 562 1104 611 Ην.
1144 563 1300 611 etiam
1336 576 1496 627 quou-

436 636 558 687 dum
578 633 739 688 fuisse
760 636 951 687 lectum
976 638 1067 687 Cn.
1091 639 1307 687 Murrius
1330 639 1495 688 Corio-

435 712 587 775 lanus,
622 712 713 761 scd
750 712 807 762 id
840 714 951 763 sois
972 713 1280 777 conjectura
1300 714 1495 779 Sigouii

436 800 575 837 nunc
600 788 861 841 exsulare.
926 788 1119 841 Verum
1153 791 1391 855 Sigonius
1428 790 1496 841 ad

438 863 553 915 Liv.
600 863 745 928 Epit.
794 864 885 915 lib.
931 878 995 916 u.
1053 866 1305 928 ostendit,
1338 866 1497 917 libros

436 938 663 1005 scriptos
686 941 821 991 Livii
843 942 1059 1005 variare,
1092 948 1146 992 et
1180 956 1247 993 ex
1282 942 1496 1008 Dionys.

437 1022 495 1065 et
516 1014 785 1066 Plutsrcb.
826 1016 1067 1082 prefert·
1088 1019 1237 1069 Caius
1262 1018 1497 1069 Mur-cias.

437 1092 511 1143 Et
530 1092 608 1143 sic
632 1093 907 1157 Xylander
930 1095 995 1144 ad
1018 1095 1287 1147 Plutarch.
1310 1096 1498 1146 Coriol.

438 1169 605 1231 princ.
672 1169 869 1221 Eadem
903 1171 1133 1223 nrietss
1149 1178 1233 1223 est
1252 1172 1303 1221 in
1324 1186 1499 1222 exem-

438 1244 673 1308 plaribus
712 1245 915 1297 Aurelii
950 1247 1199 1298 Victoris.
1280 1248 1499 1299 Gruteri

438 1321 783 1385 suspicionem
812 1336 993 1373 vocem
1022 1325 1297 1375 Coriolanus
1315 1325 1500 1374 Libra-

440 1397 505 1453 rii
526 1398 720 1461 potins,
756 1414 911 1464 quam
946 1399 1193 1451 Auctoris
1216 1404 1350 1463 esse,
1380 1414 1503 1449 non-

438 1472 563 1524 nihil
594 1474 865 1526 confirmat
900 1477 1036 1527 Cod.
1074 1478 1265 1527 Duisb.
1306 1477 1357 1525 in
1398 1490 1501 1541 quo

438 1563 503 1599 ea
521 1550 681 1601 minio
704 1552 903 1615 scripta
921 1558 1053 1615 erat,
1065 1551 1155 1601 ubi
1172 1560 1331 1602 antea
1342 1566 1501 1602 vacu-

437 1640 525 1676 um
548 1626 777 1689 spatium
796 1624 958 1677 fuisse
980 1626 1274 1677 videbatur.

438 1742 449 1750 .
506 1704 693 1757 Nomen
707 1702 943 1767 induerit]
993 1703 1175 1754 Lectio
1206 1704 1323 1755 bac
1356 1709 1500 1753 vete-

438 1798 555 1833 rum
572 1783 851 1847 editorum,
868 1796 1021 1849 quam
1044 1782 1089 1832 si
1112 1782 1413 1844 retinemus,
1430 1782 1502 1832 le·

440 1858 666 1922 gendum
702 1858 896 1908 fuerit:
946 1863 999 1909 ut
1034 1860 1165 1921 eapti
1198 1858 1361 1922 oppidi
1404 1860 1497 1908 Cu.

440 1934 661 1984 Marcius
706 1934 987 1983 Coriolanus
1036 1934 1169 1998 quusi
1220 1934 1501 1984 Numantia

439 2017 525 2063 out
558 2010 928 2072 Micam
965 2012 1177 2061 iudaei-it
1196 2026 1214 2061 .·
1248 2011 1341 2062 sed
1374 2012 1501 2062 nihii

436 2100 668 2137 necesse.
732 2086 998 2137 Palatinus
1030 2092 1254 2151 uterque
1286 2088 1499 2151 legunt:

440 2163 625 2213 mini
666 2164 909 2213 induerit:
940 2176 1037 2213 nec
1082 2176 1230 2213 secus
1254 2163 1503 2215 Jordanis

444 2240 593 2291 libri:
613 2241 882 2305 eleganter
900 2240 1121 2303 dictum,
1140 2244 1155 2269 ‘
1172 2247 1385 2304 captum
1410 2254 1501 2305 op-

442 2315 621 2378 pidum
665 2316 859 2366 nomini
900 2315 1157 2366 iuduere!
1202 2330 1303 2365 uon
1359 2316 1504 2380 item,

440 2392 691 2455 §captum
737 2390 986 2456 oppidum
1028 2406 1213 2442 nomen
1252 2392 1503 2444 iuduere.’

442 2465 581 2531 quod
607 2466 695 2515 vix
716 2466 965 2517 subsistit.
1000 2468 1133 2517 Nas.
1158 2468 1345 2519 babet:
1366 2470 1505 2519 indu·

440 2547 583 2593 erret.
627 2543 703 2591 sic
736 2557 938 2608 quoque
972 2544 1171 2608 placuit
1201 2546 1395 2597 vineto
1436 2560 1503 2597 ex

444 2616 553 2666 suis
608 2616 783 2667 edere.
873 2620 1035 2669 Forte
1082 2620 1391 2682 legendum:
1448 2628 1505 2672 ut

440 2699 631 2757 ceptum
646 2695 867 2757 oppidum
886 2696 1069 2746 nomini
1088 2698 1319 2747 indueret.
1376 2699 1505 2749 Om-

445 2771 565 2820 nino
588 2777 763 2821 tamen
794 2772 969 2825 malim
1002 2774 1140 2839 quod
1172 2774 1225 2823 in
1250 2775 1381 2825 Νη.
1406 2784 1507 2840 cst,

446 2852 503 2895 et
512 2846 695 2895 Vineti
708 2846 853 2897 libris
868 2864 881 2894 ε
895 2849 1078 2899 κωπίω·
1090 2850 1345 2903 induceret.
1368 2852 1504 2916 Cap·

444 2928 555 2972 tum
576 2922 826 2987 oppidum
850 2925 1047 2973 nomini
1072 2926 1343 2992 inducere,
1376 2928 1505 2977 nibil

444 2998 587 3048 alind
610 3006 707 3063 est,
724 3014 881 3065 quam
898 3015 963 3051 ex
982 3002 1181 3065 oppido
1202 3010 1361 3067 capto
1384 3016 1505 3067 cog·

446 3086 633 3125 nomen
656 3075 961 3127 adsciscere.
994 3077 1100 3126 Sol.
1150 3080 1349 3128 Nomina·
1368 3082 1505 3129 indu·

444 3150 565 3214 erit]
594 3150 805 3200 Iudicat
845 3151 1065 3215 Auctor,
1110 3159 1217 3203 tam
1261 3163 1508 3219 angustas

446 3231 573 3275 tunc
591 3228 839 3289 temporis
860 3240 943 3275 res
964 3227 1148 3289 fuisse,
1184 3236 1243 3277 ut
1266 3230 1507 3293 exiguum

446 3301 753 3365 oppidulum
775 3311 984 3365 captum
1023 3302 1075 3351 in
1114 3317 1301 3353 nomen
1340 3318 1507 3355 cesse-

448 3378 539 3439 rit,
552 3392 669 3425 cum
692 3378 1067 3439 posterioribus
1092 3380 1411 3442 temporibus
1436 3388 1509 3429 ta-

446 3452 519 3501 lia
540 3452 869 3516 cognomina,
906 3453 1003 3501 nisi
1026 3468 1329 3516 magnorum
1352 3453 1511 3504 belio-

448 3544 565 3579 rum
620 3528 904 3579 victoribus
958 3540 1063 3578 non
1098 3529 1509 3581 adsumerentur.

448 3603 709 3655 Coriolani
757 3609 899 3652 certe
947 3603 1111 3667 gloria
1158 3604 1513 3668 magnitudine

448 3688 776 3745 posterorum
814 3680 889 3728 ita
910 3678 1097 3729 obruta
1130 3688 1229 3743 est,
1264 3686 1323 3729 ut
1343 3680 1510 3745 ipsum

443 3758 645 3809 Livium
670 3756 878 3818 fugere,
913 3764 1007 3806 aut
1030 3756 1283 3821 siquidem
1306 3770 1515 3807 succur-

448 3834 539 3897 rit,
560 3848 663 3884 nou
686 3833 951 3883 dimovere
968 3833 1216 3895 potuerit,
1232 3832 1355 3898 quin
1376 3831 1513 3882 Afri-

452 3922 637 3961 canum
658 3908 977 3972 superiorem
1010 3908 1027 3937 ‘
1044 3909 1249 3958 nominc
1274 3910 1429 3958 victoe
1448 3908 1513 3958 ab

450 4000 509 4035 sc
530 3986 701 4048 gentis
738 3984 961 4047 pri-um
990 3998 1108 4035 esse
1148 3985 1514 4049 nobilitatum,'

452 4061 728 4121 scriberet,
748 4063 830 4111 80.
844 4064 928 4122 45,
951 4064 1002 4112 8.
1065 4060 1319 4127 Idemque
1342 4062 1517 4124 Silius,

450 4136 557 4185 fine
578 4136 769 4199 operis.
836 4137 1017 4199 Vives,
1047 4137 1115 4185 ad
1154 4137 1427 4201 Angustia.
1446 4138 1512 4188 de-

456 4212 569 4261 civ.
591 4212 718 4274 Dei,
743 4216 821 4261 1⁰.
844 4216 927 4261 21.
951 4210 993 4260 f.
1074 4212 1235 4262 Plura
1274 4214 1514 4277 exempla

454 4295 579 4343 siunt
600 4289 655 4340 in
678 4288 875 4340 Nostro
894 4288 1051 4357 infra,
1081 4294 1129 4344 2.
1166 4294 1219 4357 8,
1245 4294 1326 4343 14.
1346 4294 1397 4345 2.
1430 4296 1513 4357 15,

2497 408 2626 473 507

1572 566 1652 612 12.
1685 567 1735 611 ⁸.
1769 566 1821 627 6,
1855 567 1908 613 6.
1939 568 1990 613 8.
2026 568 2077 625 8,
2132 568 2177 613 1.
2227 564 2366 627 vide,
2401 565 2444 614 si
2480 566 2628 629 libet,

1570 652 1688 703 quae
1719 638 1908 701 dicam,
1940 643 1994 689 4.
2029 644 2109 702 12,
2139 642 2227 690 28.
2281 641 2389 690 Fr,-
2431 644 2628 692 Nomius·

1566 714 1812 777 indueret]
1863 714 2056 778 Ryckii
2087 729 2292 781 qnoque
2315 716 2447 766 eod.
2481 732 2628 783 aeque

1568 796 1632 839 ut
1655 790 1788 840 Nax.
1811 797 1870 840 et
1897 790 2078 841 vineti
2115 792 2246 842 Μαι.
2279 794 2460 843 nomini
2489 795 2629 843 indu-

1568 870 1716 927 ceret,
1757 864 1898 929 quod
1933 866 2128 929 probat
2169 868 2324 918 Saim.
2390 868 2630 934 Utraque

1570 942 1768 991 locutio
1788 944 1805 971 ⁴
1823 942 2038 993 induere
2054 944 2070 966 '
2093 950 2150 993 et
2169 946 2184 971 ⁸
2201 944 2448 994 inducere
2469 947 2630 995 nomi-

1570 1019 1626 1067 ni
1661 1024 1878 1083 captum
1906 1020 2190 1084 oppidum,’
2221 1022 2348 1071 satis
2386 1022 2632 1073 insolens.

1572 1098 1591 1123 ‘
1607 1094 1838 1145 Induere
1877 1096 2267 1159 adulationem,’
2315 1098 2332 1125 ⁴
2349 1098 2634 1147 simulatio-

1572 1169 1728 1231 nem:
1745 1169 1763 1197 ‘
1775 1168 2171 1221 dubitationem’
2191 1186 2278 1235 ap.
2300 1172 2431 1222 Tae.
2449 1180 2506 1222 et
2521 1172 2632 1221 Liv.

1572 1246 1822 1309 leguntur
1841 1260 1946 1296 non
1973 1246 2346 1312 infrequenter.
2407 1247 2514 1297 Sed
2537 1248 2632 1299 boc

1575 1322 1642 1371 dc
1665 1323 1792 1387 ipsis
1813 1323 2008 1374 dicitur
2017 1327 2106 1390 qui
2115 1326 2380 1389 simulant,
2399 1332 2491 1375 aut
2507 1324 2634 1375 adu·

1576 1398 1771 1449 lentur.
1837 1398 2008 1449 Nemo
2029 1414 2156 1450 vero
2177 1402 2252 1449 sic
2273 1401 2522 1466 loquitur,
2560 1402 2637 1451 in·

1576 1474 1692 1524 duit
1734 1475 1885 1525 alteri
1929 1476 2326 1535 simulationem,
2381 1478 2636 1528 adulatio·

1577 1562 1714 1599 uem.
1779 1551 1878 1600 Est
1908 1566 2034 1615 ergo
2065 1552 2176 1602 baec
2198 1554 2340 1602 Flori
2360 1555 2634 1604 cacozelia.

1576 1625 1824 1676 Meliores
1861 1627 2143 1691 scriptores
2186 1628 2462 1689 dixissent,
2507 1630 2638 1693 eapti

1574 1702 1738 1766 oppidi
1755 1716 1922 1753 nomen
1938 1703 2120 1766 induit,
2145 1705 2282 1770 quod
2315 1706 2370 1755 in
2395 1712 2636 1768 tyronum

1576 1777 1800 1843 gratiam
1822 1794 2022 1831 moneo.
2031 1780 2186 1829 ›Gr-ae.
2251 1781 2426 1830 Beroi.
2449 1780 2634 1829 Duisb.

1575 1854 1729 1903 Voss.
1742 1858 1794 1905 2.
1819 1869 1866 1905 v.
1887 1870 1938 1905 e.
1955 1862 2012 1905 et
2031 1854 2084 1906 J.
2104 1868 2270 1905 nomen
2287 1854 2511 1905 induerit.
2549 1855 2638 1907 Sic

1578 1928 1694 1979 Liv-
1735 1942 1810 1980 vr.
1853 1934 1934 1979 18.
1967 1930 2160 1995 ‘Hoc,’
2193 1932 2402 1995 patroni
2446 1931 2636 1994 piebis,

1575 2004 1734 2054 tmibi
1769 2020 1898 2056 cura
1933 2020 2050 2056 mea
2093 2013 2150 2057 et
2189 2006 2321 2055 fides
2357 2020 2540 2056 nomen
2565 2006 2638 2055 in-

1577 2081 1727 2132 duit!
1791 2082 1874 2132 De
1899 2082 2168 2146 phrasibus
2201 2084 2218 2111 ‘
2239 2084 2458 2133 induere
2487 2084 2638 2133 simu·

1578 2159 1860 2223 lationem,'
1896 2160 1912 2187 ‘
1931 2159 2316 2223 adulationem,'
2354 2160 2370 2187 ‘
2393 2159 2638 2210 dubitati-

1578 2234 1762 2285 onem’
1795 2234 1904 2285 vid.
1943 2233 2109 2285 Gron.
2149 2234 2282 2287 Obs.
2320 2250 2357 2285 r.
2394 2240 2445 2286 2.
2481 2241 2537 2286 et
2573 2236 2638 2285 ad

1580 2310 1710 2362 Tac.
1735 2310 1798 2361 Α.
1821 2324 1860 2360 1.
1883 2314 1934 2360 ⁵1.
1985 2311 2001 2339 ‘
2023 2310 2224 2361 Nomen
2257 2311 2479 2361 induere
2495 2310 2510 2333 ’
2555 2318 2640 2361 est

1579 2389 1702 2441 infr.
1727 2404 1803 2441 iv.
1823 2394 1873 2440 4.
1898 2396 1948 2442 4.
1999 2392 2016 2421 ‘
2034 2390 2302 2453 Indueress
2343 2391 2426 2441 vei
2459 2392 2475 2419 ⁶
2495 2390 2642 2441 indu-

1580 2482 1704 2517 cere
1737 2469 1904 2519 soleas
1945 2468 2200 2533 pedibus,⁸
2234 2475 2288 2517 et
2329 2468 2432 2517 alia
2467 2467 2640 2533 hujus-

1578 2544 1718 2594 modi
1742 2546 1925 2595 latine
1949 2544 2052 2595 dici
2092 2559 2244 2595 nemo
2281 2544 2470 2593 nescit.
2533 2544 2640 2593 Sed

1580 2620 1666 2669 vix
1690 2619 1958 2684 quisquam
1991 2618 2086 2668 sibi
2129 2632 2248 2668 cnm
2282 2620 2486 2681 Begero
2523 2630 2642 2683 per·

1578 2694 1824 2744 suadebit
1853 2694 1918 2743 iis
1947 2689 2200 2757 exemplis
2237 2692 2448 2742 defendi
2489 2708 2644 2757 posse

1580 2770 1814 2835 phrasin,
1845 2770 2068 2834 oppidum
2107 2769 2287 2818 nomini
2323 2769 2536 2831 induere,
2559 2769 2642 2817 vel

1577 2848 1816 2896 inducere.
1882 2844 2216 2894 Probabiiius
2259 2843 2497 2907 dixisset,
2539 2856 2640 2892 non

1582 2922 1813 2985 Florum,
1833 2921 1924 2970 sed
1950 2920 2148 2971 scribas
2168 2920 2482 2970 accussudos
2499 2934 2642 2969 esse:

1580 3010 1702 3046 nam
1722 2997 1787 3047 ab
1810 2997 1889 3047 his
1921 2997 2117 3061 aliquid
2143 2997 2405 3047 turbatum
2450 2996 2644 3046 iudicio

1582 3079 1684 3135 est,
1721 3073 1860 3137 quod
1884 3073 1938 3122 in
1957 3072 2074 3123 aliis
2097 3072 2241 3121 libris
2261 3078 2346 3121 est
2372 3086 2554 3135 nonen,
2589 3072 2644 3120 in

1582 3148 1698 3199 aliis
1719 3148 1920 3199 nomim'.

1645 3226 1690 3289 ς.
1712 3229 1774 3273 10
1807 3223 1984 3287 Antio]
2012 3223 2319 3274 Volscorum
2341 3231 2457 3274 erat
2477 3225 2532 3273 in
2551 3224 2645 3273 La·

1584 3300 1662 3351 tio
1687 3300 2010 3364 metropolis,
2029 3300 2289 3349 maritima
2307 3300 2446 3349 urbs.
2481 3302 2624 3350 Pont.

1654 3376 1777 3431 Quoe
1818 3373 2052 3435 Meuius]
2121 3374 2384 3437 Scriptum
2423 3375 2476 3423 in
2513 3376 2644 3425 Naz-

1584 3451 1704 3502 cod.
1741 3450 2051 3500 membranis
2074 3464 2135 3499 ac
2171 3451 2284 3501 Pal.
2309 3456 2356 3500 1.
2391 3452 2644 3501 Moens‘bus.

1586 3528 1652 3577 ln
1688 3532 1740 3575 2.
1774 3527 1998 3576 Meuius.
2063 3526 2170 3576 Sed
2211 3528 2298 3576 ilie
2341 3529 2400 3577 C.
2437 3528 2648 3578 Moenius

1586 3602 1782 3653 consul.
1847 3602 2025 3665 Spolia
2045 3601 2132 3651 ilia
2155 3601 2220 3650 de
2244 3601 2424 3665 Antio,
2454 3606 2569 3667 q'uae
2591 3606 2646 3655 in

1586 3682 1836 3741 suggestu
1861 3675 1960 3726 fori
1983 3674 2198 3741 suffixit,
2235 3684 2409 3728 rostra
2439 3681 2645 3731 nuvium

1586 3752 1758 3803 fuere.
1817 3752 1958 3803 Indo
1981 3754 2098 3803 loeo
2121 3766 2318 3803 nomeu.
2385 3756 2518 3805 Vide
2533 3758 2646 3807 Liv.

1586 3830 1679 3879 lib.
1715 3844 1840 3879 vm.
1892 3828 1996 3879 Sul.
2063 3828 2152 3879 Ita
2185 3830 2473 3880 Cassiodor.
2510 3832 2646 3882 ‘His

1586 3906 1736 3955 Coss.
1757 3910 1928 3955 rostra
1949 3904 2152 3953 navium
2175 3904 2242 3953 de
2265 3903 2572 3955 Antiatibus
2595 3906 2646 3955 in

1586 3980 1702 4030 foro
1733 3979 1840 4029 fixa
1885 3976 2043 4028 sunt.’
2107 3978 2308 4027 Seneca
2346 3984 2536 4042 tamen,
2579 3980 2646 4030 de

1588 4056 1844 4105 brevitate
1881 4054 2028 4116 vitre,
2071 4066 2191 4115 cap.
2235 4056 2315 4102 18.
2359 4054 2645 4105 ‘Duillium

1586 4130 1812 4193 primum
1853 4130 2020 4179 classe
2057 4126 2272 4179 vicisse'
2309 4128 2468 4178 dicit:
2501 4131 2646 4194 Epir.

1586 4206 1702 4261 Liv.
1725 4218 1862 4255 xvn.
1899 4204 2166 4253 ‘Primum
2199 4203 2432 4251 navalem
2469 4206 2646 4255 trium·

1588 4282 1746 4349 plnum
1781 4277 2028 4331 duxisse!
2063 4278 2200 4328 sicut
2237 4278 2466 4331 ct.Piin.
2489 4284 2569 4335 34.
2595 4288 2643 4334 5.
