3234 4909
537 368 638 437 80
1455 384 1556 433 nn
1604 382 1851 434 nono

548 530 752 601 maris
769 528 787 559 ’
811 529 1022 611 dixin
1063 548 1217 595 cum
1247 524 1332 593 de
1363 524 1641 595 Antonii
1668 529 1958 594 navibus
1988 528 2160 594 mira
2182 527 2497 595 vastitate
2524 528 2755 615 loque-

546 642 757 701 retur:
825 636 846 667 ‘
876 630 1319 696 Castellorum
1379 635 1448 695 et
1493 630 1756 695 urbium
1808 630 2059 713 specie,
2114 649 2251 696 non
2308 632 2449 697 sine
2504 633 2755 716 gemitu

547 736 752 803 maris
796 738 863 799 et
929 734 1162 798 labore
1219 736 1568 799 ventorum
1619 732 2040 799 ferebantur!
2126 733 2369 817 Itaque
2413 732 2543 799 hoc
2588 736 2757 799 inter

545 838 664 901 illa
711 836 932 914 fuerit,
965 854 1122 920 quae
1154 835 1612 901 eruditissimo
1650 834 1907 901 Vossio
1954 835 2068 901 lib.
2100 852 2149 899 1.
2197 834 2281 903 de
2312 834 2573 901 Histor.
2604 835 2755 902 Lat.

544 938 854 1021 frigidius
883 938 1064 1004 dicta
1091 939 1176 1003 ab
1206 958 1289 1004 eo
1333 938 1758 1005 videbantur.
1850 937 2037 1003 Idem
2068 936 2239 1003 ibid.
2271 956 2425 1021 cap.
2454 937 2559 1002 11.
2645 936 2754 1003 Ac

545 1037 748 1105 habet
802 1039 1071 1125 quidem
1115 1041 1407 1125 plurima
1459 1038 1953 1105 Historicorum
2005 1036 2244 1105 Oratio
2302 1058 2453 1106 cum
2512 1038 2753 1105 Poetis

545 1145 959 1219 communia:
1019 1144 1195 1208 unde
1246 1142 1705 1223 Quintilianus
1778 1146 1800 1176 ‘
1831 1141 2203 1207 Historiam
2251 1140 2541 1207 solutum
2584 1161 2749 1226 quo-

545 1243 904 1309 dammodo
933 1263 1200 1309 carmen
1241 1241 1580 1328 appellat?
1656 1242 1998 1308 Lucianus
2027 1262 2293 1327 quoque
2324 1243 2754 1309 accuratissi-

543 1366 692 1411 mus
744 1365 1002 1424 censor,
1057 1344 1361 1411 concedit
1414 1344 1763 1410 Historico
1820 1343 2185 1429 aliquando
2231 1351 2431 1411 vento
2474 1344 2753 1429 poiitico

542 1447 716 1513 vehi.
803 1448 1064 1513 Tamen
1120 1447 1286 1513 illud
1331 1446 1513 1512 Flori
1547 1464 1650 1513 ιν.
1678 1446 1747 1512 2.
1822 1449 1844 1480 ‘
1887 1444 2327 1511 castellorum
2369 1453 2439 1514 et
2493 1449 2751 1513 urbium

547 1550 775 1634 specie
790 1551 900 1615 ....’
922 1550 1150 1615 nescio
1177 1548 1514 1635 quomodo
1542 1546 1879 1637 displicet,
1910 1549 2108 1631 quasi
2138 1548 2517 1617 affectatum
2554 1549 2753 1615 nimis

543 1671 625 1717 ac
685 1654 919 1736 putide
973 1654 1351 1731 lasciviens,
1381 1670 1517 1737 quo
1563 1652 1835 1717 nomine
1882 1649 2033 1736 ejus
2082 1652 2444 1717 orationem
2493 1650 2655 1716 alibi
2684 1658 2755 1716 et

541 1753 691 1837 ipse
719 1754 1016 1837 Scaliger
1042 1751 1500 1838 reprehendit?

631 1856 976 1941 Rupertus
1024 1855 1112 1920 ad
1145 1856 1330 1920 Flori
1361 1855 1655 1921 Prooem.
1685 1856 1899 1938 princ.
1946 1855 2029 1920 de
2069 1854 2313 1921 Floro:
2360 1855 2752 1921 ‘·Praeterea

541 1957 614 2023 in
647 1956 956 2023 Historia
983 1962 1182 2022 caute
1197 1958 1512 2040 legendus
1542 1963 1670 2036 est,
1704 1958 1885 2041 quod
1913 1958 2157 2024 multos
2175 1957 2547 2023 committat
2570 1978 2749 2024 nunc

541 2060 1153 2138 metachronismOS,
1192 2078 1369 2125 nunc
1397 2058 1959 2144 prochronismos.
2048 2056 2133 2123 Id
2172 2078 2309 2122 non
2337 2043 2751 2123 animadver-

543 2181 687 2229 sum
717 2160 926 2227 Viros
957 2161 1412 2227 Doctissimos
1437 2160 1508 2225 in
1538 2177 1793 2225 errores
1834 2160 2079 2225 multos
2109 2158 2420 2245 conjecit,
2452 2163 2527 2224 ut
2566 2178 2609 2224 a
2648 2179 2752 2225 me

541 2264 798 2348 passim
827 2260 1332 2331 observabitur!

628 2364 816 2432 Idem
838 2366 920 2433 ad
948 2367 1125 2431 Flor.
1157 2383 1208 2431 1.
1235 2367 1337 2431 10.
1369 2366 1556 2431 infin.
1604 2369 1627 2402 ‘
1644 2365 1834 2442 Esto,
1852 2364 2447 2446 Wassenbergium
2476 2364 2751 2430 Florum

540 2468 958 2550 expressisse
982 2490 1002 2549 ;
1047 2468 1225 2550 quod
1243 2467 1406 2551 quid
1434 2468 1562 2531 erit
1581 2465 1787 2544 aliud,
1807 2484 2008 2547 quam
2034 2464 2358 2529 Historiae
2376 2482 2521 2529 suae
2552 2464 2751 2533 fidem

539 2575 928 2651 suspectam
987 2567 1251 2633 faceret
1335 2569 1543 2645 Nam,
1589 2573 1670 2631 ut
1715 2567 1800 2630 de
1850 2565 2051 2630 Floro
2100 2564 2417 2631 Bai-thius
2462 2562 2747 2631 AdverS.

538 2669 654 2734 lib.
689 2686 814 2733 Lx.
843 2668 1196 2734 verissime
1229 2669 1500 2734 scribit:
1546 2670 1721 2754 ‘non
1752 2671 1885 2731 tam
1910 2664 2405 2730 Historiam....’

627 2772 718 2835 Et
745 2770 832 2836 ad
864 2768 1044 2834 Flor.
1089 2786 1135 2832 1.
1157 2771 1262 2835 13.
1317 2773 1338 2803 ‘
1368 2769 1620 2834 Tumor
1646 2765 1984 2853 poeticuS,
2016 2765 2104 2832 ad
2134 2785 2331 2850 quem
2353 2767 2505 2852 jure
2526 2770 2749 2836 bonus

543 2871 925 2937 Histoi-icus
955 2868 1410 2934 erubesceret.’

609 2972 874 3063 ,Daniel
925 2970 1165 3055 Georg.
1226 2970 1602 3036 Morhofius
1654 2969 2101 3056 Polyhistoris
2140 2970 2463 3039 Literarii
2512 2990 2611 3037 ιν.
2640 2972 2745 3039 13.

539 3074 594 3158 ᾖ.
619 3072 686 3139 6.
776 3078 797 3108 ‘
827 3072 1214 3139 Dictionem
1257 3072 1443 3138 Flori
1473 3074 1534 3139 si
1588 3078 1877 3158 spectes,
1922 3073 2010 3138 ad
2042 3078 2313 3139 aetatem
2339 3074 2620 3141 ferream
2646 3095 2745 3141 re·

538 3174 844 3241 ferendus
883 3174 1181 3243 videtur:
1228 3174 1396 3240 adeo
1447 3175 1659 3241 multa
1689 3175 1763 3238 in
1806 3174 1927 3240 illo
1958 3179 2113 3239 sunt
2154 3195 2285 3240 non
2328 3184 2587 3243 tantum
2614 3196 2749 3242 non

541 3278 804 3357 Latine,
853 3278 974 3343 sed
1015 3278 1216 3345 etiam
1265 3279 1486 3357 stulte,
1541 3277 1745 3343 dicta.
1836 3277 1965 3343 Est
2000 3278 2177 3344 enim
2228 3280 2301 3343 in
2346 3278 2466 3344 illo
2512 3279 2745 3343 nescio

540 3398 696 3464 quoe
725 3385 1006 3445 ventosa
1043 3386 1109 3445 et
1147 3379 1555 3465 panegyrica
1595 3380 2000 3464 loquacitas,
2043 3379 2448 3495 metaphorse
2496 3380 2744 3465 ineptae

538 3484 608 3545 et
633 3482 963 3559 pueriles.
1020 3489 1097 3548 ut
1137 3482 1308 3547 adeo
1348 3483 1642 3567 pessime
1692 3481 1972 3562 faciant,
2014 3486 2349 3567 quotquot
2384 3480 2609 3567 ipsum
2660 3482 2747 3607 ad

537 3582 926 3647 latinitatem
956 3584 1280 3649 tironibus
1307 3582 1812 3650 commendant!

626 3680 795 3747 ‘Est
821 3689 1037 3749 tamen
1071 3683 1404 3751 Historiae
1436 3682 1773 3750 Romanae
1801 3704 1929 3749 non
1972 3683 2201 3750 inutile
2232 3684 2743 3769 compendium,

539 3786 732 3872 cujus
753 3785 1082 3869 jacturam
1112 3786 1380 3852 facilius
1410 3786 1754 3866 ferremus,
1796 3786 1857 3851 si
1898 3784 2160 3851 Livium
2204 3786 2601 3851 haberemus
2644 3789 2745 3851 in-

537 3885 832 3971 tegrum!
917 3886 1006 3952 Et
1033 3890 1238 3971 paulo
1267 3896 1428 3975 post
1453 3888 1538 3953 de
1567 3888 1973 3955 Praefatione
2004 3886 2261 3953 Graevii
2289 3908 2307 3952 ε
2356 3892 2377 3922 ‘
2406 3888 2749 3954 Praemisit

537 3993 604 4052 et
646 3988 1042 4055 luculentam
1095 3988 1645 4055 Dissertationem
1690 3988 1777 4054 de
1831 3988 2013 4053 Flori
2074 3989 2276 4074 stylo,
2325 3991 2393 4055 in
2445 4009 2580 4073 qua
2625 4010 2745 4074 per

538 4094 752 4155 totum
785 4091 1053 4159 Florum
1103 4094 1408 4177 excerpit
1449 4094 1678 4177 inepte
1722 4110 1805 4155 ac
1850 4089 2161 4157 affectate
2187 4091 2396 4173 dicta,
2429 4109 2470 4156 a
2501 4092 2743 4178 quibus

539 4207 774 4261 cavere
803 4192 933 4261 sibi
961 4194 1268 4278 debeant,
1299 4197 1416 4281 qui
1445 4212 1596 4263 eum
1619 4189 1882 4277 legunt-³

3195 1116 3213 1153 hs.
3195 990 3213 1071 .1².d‘
3194 904 3213 965 Ἣ
3193 802 3213 843 m
3191 676 3213 755 ⁴2}-
3208 572 3213 637 —-
