<?xml version="1.0" encoding="UTF-8"?>
<!DOCTYPE html PUBLIC "-//W3C//DTD XHTML 1.0 Transitional//EN"
    "http://www.w3.org/TR/xhtml1/DTD/xhtml1-transitional.dtd">
<html xmlns="http://www.w3.org/1999/xhtml" xml:lang="en" lang="en">
 <head>
  <title>
</title>
<meta http-equiv="Content-Type" content="text/html;charset=utf-8" />
  <meta name='ocr-system' content='tesseract 3.04.00' />
  <meta name='ocr-capabilities' content='ocr_page ocr_carea ocr_par ocr_line ocrx_word'/>
</head>
<body>
  <div class='ocr_page' id='page_1' title='image "./lannaeifloriepi00unkngoog/lannaeifloriepi00unkngoog_0454.png"; bbox 0 0 3234 4909; ppageno 0'>
   <div class='ocr_carea' id='block_1_1' title="bbox 598 366 731 433">
    <p class='ocr_par' dir='ltr' id='par_1_1' title="bbox 598 366 731 433">
     <span class='ocr_line' id='line_1_1' title="bbox 598 366 731 433; baseline 0 0"><span class='ocrx_word' id='word_1_1' title='bbox 598 366 731 433; x_wconf 78' lang='lat'>444</span> 
     </span>
    </p>
   </div>
   <div class='ocr_carea' id='block_1_2' title="bbox 598 524 1672 2498">
    <p class='ocr_par' dir='ltr' id='par_1_2' title="bbox 598 524 1672 2498">
     <span class='ocr_line' id='line_1_2' title="bbox 600 524 1656 591; baseline -0.003 -12"><span class='ocrx_word' id='word_1_2' title='bbox 600 526 817 590; x_wconf 81' lang='lat' dir='ltr'>limsblt,</span> <span class='ocrx_word' id='word_1_3' title='bbox 836 524 1029 591; x_wconf 85' lang='lat' dir='ltr'>aliquid</span> <span class='ocrx_word' id='word_1_4' title='bbox 1053 526 1139 575; x_wconf 78' lang='lat' dir='ltr'>vel</span> <span class='ocrx_word' id='word_1_5' title='bbox 1174 539 1271 576; x_wconf 84' lang='lat' dir='ltr'>usu</span> <span class='ocrx_word' id='word_1_6' title='bbox 1300 525 1417 590; x_wconf 69' lang='lat' dir='ltr'>lpse</span> <span class='ocrx_word' id='word_1_7' title='bbox 1450 524 1656 577; x_wconf 87' lang='lat' dir='ltr'>detere-</span> 
     </span>
     <span class='ocr_line' id='line_1_3' title="bbox 602 601 1658 667; baseline -0.004 -12"><span class='ocrx_word' id='word_1_8' title='bbox 602 603 718 655; x_wconf 88' lang='lat' dir='ltr'>tur.’</span> <span class='ocrx_word' id='word_1_9' title='bbox 792 602 1158 667; x_wconf 76' lang='lat' dir='ltr'><strong>Symmachus:</strong></span> <span class='ocrx_word' id='word_1_10' title='bbox 1206 603 1221 631; x_wconf 89' lang='lat'>‘</span> <span class='ocrx_word' id='word_1_11' title='bbox 1244 602 1499 652; x_wconf 79' lang='lat' dir='ltr'><strong>Senectus</strong></span> <span class='ocrx_word' id='word_1_12' title='bbox 1535 601 1658 651; x_wconf 78' lang='lat' dir='ltr'>nihil</span> 
     </span>
     <span class='ocr_line' id='line_1_4' title="bbox 601 678 1662 744; baseline -0.001 -14"><span class='ocrx_word' id='word_1_13' title='bbox 601 679 849 744; x_wconf 85' lang='lat' dir='ltr'>decoquit</span> <span class='ocrx_word' id='word_1_14' title='bbox 858 678 1147 729; x_wconf 58' lang='lat' dir='ltr'>firmitatis)</span> <span class='ocrx_word' id='word_1_15' title='bbox 1178 678 1331 743; x_wconf 77' lang='lat' dir='ltr'>Saepe</span> <span class='ocrx_word' id='word_1_16' title='bbox 1346 692 1497 729; x_wconf 85' lang='lat' dir='ltr'>casus</span> <span class='ocrx_word' id='word_1_17' title='bbox 1512 678 1611 728; x_wconf 85' lang='lat' dir='ltr'>omi</span> <span class='ocrx_word' id='word_1_18' title='bbox 1619 685 1662 729; x_wconf 87' lang='lat' dir='ltr'>t·</span> 
     </span>
     <span class='ocr_line' id='line_1_5' title="bbox 603 756 1662 821; baseline 0 -15"><span class='ocrx_word' id='word_1_19' title='bbox 603 757 759 807; x_wconf 85' lang='lat' dir='ltr'>titur:</span> <span class='ocrx_word' id='word_1_20' title='bbox 794 756 991 807; x_wconf 84' lang='lat' dir='ltr'>Colum.</span> <span class='ocrx_word' id='word_1_21' title='bbox 1024 770 1104 807; x_wconf 79' lang='lat'>11.</span> <span class='ocrx_word' id='word_1_22' title='bbox 1141 762 1191 807; x_wconf 88' lang='lat'>1.</span> <span class='ocrx_word' id='word_1_23' title='bbox 1219 756 1237 785; x_wconf 76' lang='lat'><strong><em>⁶</em></strong></span> <span class='ocrx_word' id='word_1_24' title='bbox 1257 757 1392 808; x_wconf 84' lang='lat' dir='ltr'>Nam</span> <span class='ocrx_word' id='word_1_25' title='bbox 1428 758 1662 821; x_wconf 82' lang='lat' dir='ltr'>quamvis</span> 
     </span>
     <span class='ocr_line' id='line_1_6' title="bbox 598 832 1660 898; baseline 0 -15"><span class='ocrx_word' id='word_1_26' title='bbox 598 832 861 884; x_wconf 82' lang='lat' dir='ltr'>interdum</span> <span class='ocrx_word' id='word_1_27' title='bbox 900 832 1231 885; x_wconf 83' lang='lat' dir='ltr'>emendatum</span> <span class='ocrx_word' id='word_1_28' title='bbox 1271 834 1341 884; x_wconf 89' lang='lat' dir='ltr'>sit</span> <span class='ocrx_word' id='word_1_29' title='bbox 1382 848 1660 898; x_wconf 84' lang='lat' dir='ltr'>perperam</span> 
     </span>
     <span class='ocr_line' id='line_1_7' title="bbox 600 910 1660 977; baseline 0.002 -17"><span class='ocrx_word' id='word_1_30' title='bbox 600 910 800 961; x_wconf 79' lang='lat' dir='ltr'>factum</span> <span class='ocrx_word' id='word_1_31' title='bbox 844 912 929 962; x_wconf 81' lang='lat' dir='ltr'>vel</span> <span class='ocrx_word' id='word_1_32' title='bbox 963 911 1330 977; x_wconf 75' lang='lat' dir='ltr'><strong>imprudentia,</strong></span> <span class='ocrx_word' id='word_1_33' title='bbox 1368 912 1455 962; x_wconf 83' lang='lat' dir='ltr'>vel</span> <span class='ocrx_word' id='word_1_34' title='bbox 1496 912 1660 976; x_wconf 74' lang='lat' dir='ltr'>negli-</span> 
     </span>
     <span class='ocr_line' id='line_1_8' title="bbox 604 985 1662 1052; baseline -0.003 -13"><span class='ocrx_word' id='word_1_35' title='bbox 604 988 805 1052; x_wconf 71' lang='lat' dir='ltr'>gentia,</span> <span class='ocrx_word' id='word_1_36' title='bbox 838 1002 924 1037; x_wconf 88' lang='lat' dir='ltr'>res</span> <span class='ocrx_word' id='word_1_37' title='bbox 966 993 1141 1038; x_wconf 86' lang='lat' dir='ltr'>tamen</span> <span class='ocrx_word' id='word_1_38' title='bbox 1178 988 1295 1052; x_wconf 84' lang='lat' dir='ltr'>ipss</span> <span class='ocrx_word' id='word_1_39' title='bbox 1314 987 1425 1052; x_wconf 77' lang='lat' dir='ltr'>jum</span> <span class='ocrx_word' id='word_1_40' title='bbox 1454 985 1662 1038; x_wconf 88' lang='lat' dir='ltr'>domino</span> 
     </span>
     <span class='ocr_line' id='line_1_9' title="bbox 602 1062 1662 1133; baseline 0.002 -20"><span class='ocrx_word' id='word_1_41' title='bbox 602 1063 817 1115; x_wconf 80' lang='lat' dir='ltr'>decoxit</span> <span class='ocrx_word' id='word_1_42' title='bbox 836 1062 871 1115; x_wconf 66' lang='grc' dir='ltr'>ι’</span> <span class='ocrx_word' id='word_1_43' title='bbox 904 1063 1106 1133; x_wconf 74' lang='lat' dir='ltr'>scilicet</span> <span class='ocrx_word' id='word_1_44' title='bbox 1124 1062 1326 1113; x_wconf 78' lang='lat' dir='ltr'>fructus</span> <span class='ocrx_word' id='word_1_45' title='bbox 1358 1064 1408 1113; x_wconf 87' lang='lat' dir='ltr'>ei</span> <span class='ocrx_word' id='word_1_46' title='bbox 1436 1063 1662 1115; x_wconf 87' lang='lat' dir='ltr'>debitos.</span> 
     </span>
     <span class='ocr_line' id='line_1_10' title="bbox 602 1139 1662 1191; baseline -0.001 -1"><span class='ocrx_word' id='word_1_47' title='bbox 602 1140 741 1191; x_wconf 85' lang='lat' dir='ltr'>Pliu.</span> <span class='ocrx_word' id='word_1_48' title='bbox 789 1153 999 1190; x_wconf 83' lang='lat' dir='ltr'>xxxm.</span> <span class='ocrx_word' id='word_1_49' title='bbox 1041 1144 1122 1190; x_wconf 80' lang='lat' dir='ltr'>w.</span> <span class='ocrx_word' id='word_1_50' title='bbox 1174 1141 1191 1169; x_wconf 79' lang='lat'><strong>⁴</strong></span> <span class='ocrx_word' id='word_1_51' title='bbox 1217 1140 1415 1189; x_wconf 85' lang='lat' dir='ltr'>Postea</span> <span class='ocrx_word' id='word_1_52' title='bbox 1470 1139 1662 1190; x_wconf 82' lang='lat' dir='ltr'>divites</span> 
     </span>
     <span class='ocr_line' id='line_1_11' title="bbox 602 1215 1664 1281; baseline -0.003 -14"><span class='ocrx_word' id='word_1_53' title='bbox 602 1216 965 1281; x_wconf 72' lang='lat' dir='ltr'>cognominati,</span> <span class='ocrx_word' id='word_1_54' title='bbox 1012 1215 1289 1265; x_wconf 88' lang='lat' dir='ltr'>dummodo</span> <span class='ocrx_word' id='word_1_55' title='bbox 1340 1222 1519 1267; x_wconf 86' lang='lat' dir='ltr'>notum</span> <span class='ocrx_word' id='word_1_56' title='bbox 1573 1217 1664 1278; x_wconf 90' lang='lat' dir='ltr'>sit,</span> 
     </span>
     <span class='ocr_line' id='line_1_12' title="bbox 603 1292 1665 1358; baseline 0 -15"><span class='ocrx_word' id='word_1_57' title='bbox 603 1308 743 1355; x_wconf 88' lang='lat' dir='ltr'>eum,</span> <span class='ocrx_word' id='word_1_58' title='bbox 774 1292 861 1358; x_wconf 85' lang='lat' dir='ltr'>qui</span> <span class='ocrx_word' id='word_1_59' title='bbox 894 1292 1091 1357; x_wconf 85' lang='lat' dir='ltr'>primus</span> <span class='ocrx_word' id='word_1_60' title='bbox 1118 1292 1323 1356; x_wconf 83' lang='lat' dir='ltr'>accepit</span> <span class='ocrx_word' id='word_1_61' title='bbox 1358 1306 1665 1357; x_wconf 76' lang='lat' dir='ltr'>cognomen,</span> 
     </span>
     <span class='ocr_line' id='line_1_13' title="bbox 602 1366 1667 1421; baseline 0.003 -3"><span class='ocrx_word' id='word_1_62' title='bbox 602 1367 874 1418; x_wconf 72' lang='lat' dir='ltr'>decoxisse</span> <span class='ocrx_word' id='word_1_63' title='bbox 908 1366 1251 1418; x_wconf 86' lang='lat' dir='ltr'>creditoribus</span> <span class='ocrx_word' id='word_1_64' title='bbox 1273 1367 1377 1419; x_wconf 84' lang='lat' dir='ltr'>suis</span> <span class='ocrx_word' id='word_1_65' title='bbox 1392 1369 1426 1419; x_wconf 71' lang='grc' dir='ltr'>ι’</span> <span class='ocrx_word' id='word_1_66' title='bbox 1458 1368 1667 1421; x_wconf 84' lang='lat' dir='ltr'>scilicet</span> 
     </span>
     <span class='ocr_line' id='line_1_14' title="bbox 602 1444 1668 1510; baseline -0.001 -14"><span class='ocrx_word' id='word_1_67' title='bbox 602 1446 897 1510; x_wconf 84' lang='lat' dir='ltr'>pecuniam,</span> <span class='ocrx_word' id='word_1_68' title='bbox 934 1459 1087 1510; x_wconf 86' lang='lat' dir='ltr'>quam</span> <span class='ocrx_word' id='word_1_69' title='bbox 1116 1444 1217 1494; x_wconf 91' lang='lat' dir='ltr'>illis</span> <span class='ocrx_word' id='word_1_70' title='bbox 1258 1444 1503 1497; x_wconf 83' lang='lat' dir='ltr'>debebat.</span> <span class='ocrx_word' id='word_1_71' title='bbox 1570 1446 1668 1495; x_wconf 81' lang='lat' dir='ltr'>Est</span> 
     </span>
     <span class='ocr_line' id='line_1_15' title="bbox 601 1519 1668 1587; baseline 0.001 -16"><span class='ocrx_word' id='word_1_72' title='bbox 601 1520 872 1571; x_wconf 69' lang='lat' dir='ltr'>translatio</span> <span class='ocrx_word' id='word_1_73' title='bbox 894 1534 927 1568; x_wconf 88' lang='lat' dir='ltr'>a</span> <span class='ocrx_word' id='word_1_74' title='bbox 944 1520 1174 1586; x_wconf 77' lang='lat' dir='ltr'><strong>liquidis,</strong></span> <span class='ocrx_word' id='word_1_75' title='bbox 1188 1535 1304 1585; x_wconf 71' lang='lat' dir='ltr'>qnae</span> <span class='ocrx_word' id='word_1_76' title='bbox 1322 1519 1668 1587; x_wconf 79' lang='lat' dir='ltr'>decoquendo</span> 
     </span>
     <span class='ocr_line' id='line_1_16' title="bbox 600 1596 1669 1649; baseline -0.004 -2"><span class='ocrx_word' id='word_1_77' title='bbox 600 1598 920 1649; x_wconf 88' lang='lat' dir='ltr'>minuuntur.</span> <span class='ocrx_word' id='word_1_78' title='bbox 971 1596 1116 1647; x_wconf 80' lang='lat' dir='ltr'>Nota</span> <span class='ocrx_word' id='word_1_79' title='bbox 1133 1603 1215 1648; x_wconf 88' lang='lat' dir='ltr'>est</span> <span class='ocrx_word' id='word_1_80' title='bbox 1230 1599 1247 1625; x_wconf 88' lang='lat'>‘</span> <span class='ocrx_word' id='word_1_81' title='bbox 1265 1596 1535 1647; x_wconf 85' lang='lat' dir='ltr'>Decocta&#39;</span> <span class='ocrx_word' id='word_1_82' title='bbox 1559 1598 1669 1647; x_wconf 79' lang='lat' dir='ltr'>Ne.</span> 
     </span>
     <span class='ocr_line' id='line_1_17' title="bbox 602 1672 1670 1737; baseline -0.003 -12"><span class='ocrx_word' id='word_1_83' title='bbox 602 1674 739 1725; x_wconf 87' lang='lat' dir='ltr'>rouis</span> <span class='ocrx_word' id='word_1_84' title='bbox 762 1672 903 1737; x_wconf 85' lang='lat' dir='ltr'>apud</span> <span class='ocrx_word' id='word_1_85' title='bbox 922 1672 1245 1723; x_wconf 75' lang='lat' dir='ltr'>Suetonium.</span> <span class='ocrx_word' id='word_1_86' title='bbox 1302 1672 1423 1721; x_wconf 86' lang='lat' dir='ltr'>Nou</span> <span class='ocrx_word' id='word_1_87' title='bbox 1444 1672 1559 1721; x_wconf 76' lang='lat' dir='ltr'>haec</span> <span class='ocrx_word' id='word_1_88' title='bbox 1584 1677 1670 1722; x_wconf 87' lang='lat' dir='ltr'>tot</span> 
     </span>
     <span class='ocr_line' id='line_1_18' title="bbox 602 1746 1669 1813; baseline -0.003 -13"><span class='ocrx_word' id='word_1_89' title='bbox 602 1749 777 1800; x_wconf 75' lang='lat' dir='ltr'>verbis</span> <span class='ocrx_word' id='word_1_90' title='bbox 822 1752 1125 1813; x_wconf 85' lang='lat' dir='ltr'>persecutus</span> <span class='ocrx_word' id='word_1_91' title='bbox 1180 1760 1368 1810; x_wconf 88' lang='lat' dir='ltr'>essem,</span> <span class='ocrx_word' id='word_1_92' title='bbox 1402 1746 1502 1796; x_wconf 88' lang='lat' dir='ltr'>uisi</span> <span class='ocrx_word' id='word_1_93' title='bbox 1546 1746 1669 1797; x_wconf 78' lang='lat' dir='ltr'>viris</span> 
     </span>
     <span class='ocr_line' id='line_1_19' title="bbox 600 1822 1668 1889; baseline -0.002 -14"><span class='ocrx_word' id='word_1_94' title='bbox 600 1824 881 1889; x_wconf 76' lang='lat' dir='ltr'>insignibus</span> <span class='ocrx_word' id='word_1_95' title='bbox 918 1824 1003 1873; x_wconf 84' lang='lat' dir='ltr'>hic</span> <span class='ocrx_word' id='word_1_96' title='bbox 1037 1837 1224 1887; x_wconf 83' lang='lat' dir='ltr'>aquam</span> <span class='ocrx_word' id='word_1_97' title='bbox 1267 1822 1477 1873; x_wconf 76' lang='lat' dir='ltr'>haesisse</span> <span class='ocrx_word' id='word_1_98' title='bbox 1513 1823 1668 1873; x_wconf 78' lang='lat' dir='ltr'>vidis-</span> 
     </span>
     <span class='ocr_line' id='line_1_20' title="bbox 602 1897 1668 1965; baseline 0 -14"><span class='ocrx_word' id='word_1_99' title='bbox 602 1914 731 1951; x_wconf 84' lang='lat' dir='ltr'>sem.</span> <span class='ocrx_word' id='word_1_100' title='bbox 767 1900 934 1949; x_wconf 69' lang='grc' dir='ltr'><strong>(ἔτ-σο.</strong></span> <span class='ocrx_word' id='word_1_101' title='bbox 990 1897 1131 1949; x_wconf 72' lang='lat' dir='ltr'>Adel.</span> <span class='ocrx_word' id='word_1_102' title='bbox 1158 1913 1277 1965; x_wconf 67' lang='lat' dir='ltr'>qum</span> <span class='ocrx_word' id='word_1_103' title='bbox 1301 1898 1367 1948; x_wconf 87' lang='lat' dir='ltr'>de</span> <span class='ocrx_word' id='word_1_104' title='bbox 1386 1898 1485 1949; x_wconf 84' lang='lat' dir='ltr'>hoc</span> <span class='ocrx_word' id='word_1_105' title='bbox 1506 1897 1668 1951; x_wconf 78' lang='lat' dir='ltr'>verbo</span> 
     </span>
     <span class='ocr_line' id='line_1_21' title="bbox 604 1972 1667 2025; baseline 0 0"><span class='ocrx_word' id='word_1_106' title='bbox 604 1974 923 2025; x_wconf 69' lang='lat' dir='ltr'>adnotarunt</span> <span class='ocrx_word' id='word_1_107' title='bbox 958 1972 1180 2024; x_wconf 72' lang='lat' dir='ltr'>Casani).</span> <span class='ocrx_word' id='word_1_108' title='bbox 1216 1974 1284 2023; x_wconf 83' lang='lat' dir='ltr'>ad</span> <span class='ocrx_word' id='word_1_109' title='bbox 1323 1974 1474 2023; x_wconf 86' lang='lat' dir='ltr'>Pers.</span> <span class='ocrx_word' id='word_1_110' title='bbox 1497 1973 1605 2025; x_wconf 80' lang='lat' dir='ltr'>Sat.</span> <span class='ocrx_word' id='word_1_111' title='bbox 1627 1988 1667 2025; x_wconf 88' lang='lat'>1.</span> 
     </span>
     <span class='ocr_line' id='line_1_22' title="bbox 602 2048 1666 2102; baseline -0.001 0"><span class='ocrx_word' id='word_1_112' title='bbox 602 2055 720 2102; x_wconf 79' lang='lat'>125.</span> <span class='ocrx_word' id='word_1_113' title='bbox 758 2056 817 2101; x_wconf 87' lang='lat' dir='ltr'>et</span> <span class='ocrx_word' id='word_1_114' title='bbox 852 2049 1101 2100; x_wconf 81' lang='lat' dir='ltr'>Perizon.</span> <span class='ocrx_word' id='word_1_115' title='bbox 1138 2048 1205 2099; x_wconf 85' lang='lat' dir='ltr'>ad</span> <span class='ocrx_word' id='word_1_116' title='bbox 1240 2049 1417 2101; x_wconf 86' lang='lat' dir='ltr'>Sanct.</span> <span class='ocrx_word' id='word_1_117' title='bbox 1441 2048 1666 2101; x_wconf 78' lang='lat' dir='ltr'>Minerv.</span> 
     </span>
     <span class='ocr_line' id='line_1_23' title="bbox 603 2125 1670 2179; baseline -0.002 0"><span class='ocrx_word' id='word_1_118' title='bbox 603 2140 681 2179; x_wconf 69' lang='grc' dir='ltr'><strong>ιν.</strong></span> <span class='ocrx_word' id='word_1_119' title='bbox 718 2131 770 2179; x_wconf 75' lang='grc'><strong>4.</strong></span> <span class='ocrx_word' id='word_1_120' title='bbox 810 2131 925 2178; x_wconf 84' lang='grc'><strong>107.</strong></span> <span class='ocrx_word' id='word_1_121' title='bbox 997 2126 1242 2177; x_wconf 81' lang='lat' dir='ltr'>Barthius</span> <span class='ocrx_word' id='word_1_122' title='bbox 1286 2125 1354 2176; x_wconf 81' lang='lat' dir='ltr'>ad</span> <span class='ocrx_word' id='word_1_123' title='bbox 1398 2126 1670 2177; x_wconf 83' lang='lat' dir='ltr'>claudian.</span> 
     </span>
     <span class='ocr_line' id='line_1_24' title="bbox 605 2201 1671 2255; baseline -0.003 0"><span class='ocrx_word' id='word_1_124' title='bbox 605 2203 817 2255; x_wconf 81' lang='lat' dir='ltr'>Consul.</span> <span class='ocrx_word' id='word_1_125' title='bbox 854 2202 1029 2253; x_wconf 78' lang='lat' dir='ltr'>Mallii</span> <span class='ocrx_word' id='word_1_126' title='bbox 1060 2202 1257 2253; x_wconf 82' lang='lat' dir='ltr'>Theod.</span> <span class='ocrx_word' id='word_1_127' title='bbox 1280 2216 1352 2252; x_wconf 85' lang='lat' dir='ltr'>vs.</span> <span class='ocrx_word' id='word_1_128' title='bbox 1376 2205 1488 2253; x_wconf 80' lang='grc'><strong>181.</strong></span> <span class='ocrx_word' id='word_1_129' title='bbox 1521 2201 1539 2230; x_wconf 85' lang='lat'>‘</span> <span class='ocrx_word' id='word_1_130' title='bbox 1560 2204 1671 2252; x_wconf 88' lang='lat' dir='ltr'>De-</span> 
     </span>
     <span class='ocr_line' id='line_1_25' title="bbox 605 2278 1672 2345; baseline -0.001 -14"><span class='ocrx_word' id='word_1_131' title='bbox 605 2280 774 2332; x_wconf 80' lang='lat' dir='ltr'>ooxit&#39;</span> <span class='ocrx_word' id='word_1_132' title='bbox 814 2280 867 2329; x_wconf 88' lang='lat' dir='ltr'>in</span> <span class='ocrx_word' id='word_1_133' title='bbox 911 2280 962 2329; x_wconf 79' lang='lat' dir='ltr'>h·</span> <span class='ocrx_word' id='word_1_134' title='bbox 998 2280 1033 2330; x_wconf 88' lang='lat' dir='ltr'>l.</span> <span class='ocrx_word' id='word_1_135' title='bbox 1074 2278 1216 2329; x_wconf 74' lang='lat' dir='ltr'>Flori</span> <span class='ocrx_word' id='word_1_136' title='bbox 1253 2278 1439 2329; x_wconf 89' lang='lat' dir='ltr'>itidem</span> <span class='ocrx_word' id='word_1_137' title='bbox 1474 2280 1672 2345; x_wconf 87' lang='lat' dir='ltr'>accipit</span> 
     </span>
     <span class='ocr_line' id='line_1_26' title="bbox 605 2357 1672 2423; baseline 0.002 -16"><span class='ocrx_word' id='word_1_138' title='bbox 605 2372 721 2423; x_wconf 86' lang='lat' dir='ltr'>pro,</span> <span class='ocrx_word' id='word_1_139' title='bbox 746 2357 1023 2408; x_wconf 85' lang='lat' dir='ltr'>decoctum</span> <span class='ocrx_word' id='word_1_140' title='bbox 1062 2363 1164 2415; x_wconf 82' lang='lat' dir='ltr'>est,</span> <span class='ocrx_word' id='word_1_141' title='bbox 1200 2364 1259 2407; x_wconf 89' lang='lat' dir='ltr'>et</span> <span class='ocrx_word' id='word_1_142' title='bbox 1293 2358 1395 2407; x_wconf 87' lang='lat' dir='ltr'>alia</span> <span class='ocrx_word' id='word_1_143' title='bbox 1427 2358 1672 2409; x_wconf 81' lang='lat' dir='ltr'>nonnulla</span> 
     </span>
     <span class='ocr_line' id='line_1_27' title="bbox 606 2432 1672 2498; baseline 0 -13"><span class='ocrx_word' id='word_1_144' title='bbox 606 2433 801 2498; x_wconf 81' lang='lat' dir='ltr'>adfert,</span> <span class='ocrx_word' id='word_1_145' title='bbox 822 2447 939 2497; x_wconf 72' lang='lat' dir='ltr'>quse</span> <span class='ocrx_word' id='word_1_146' title='bbox 962 2432 1146 2485; x_wconf 74' lang='lat' dir='ltr'>eodem</span> <span class='ocrx_word' id='word_1_147' title='bbox 1180 2432 1333 2484; x_wconf 88' lang='lat' dir='ltr'>modo</span> <span class='ocrx_word' id='word_1_148' title='bbox 1361 2432 1467 2485; x_wconf 87' lang='lat' dir='ltr'>dici</span> <span class='ocrx_word' id='word_1_149' title='bbox 1497 2440 1672 2498; x_wconf 81' lang='lat' dir='ltr'>putat.</span> 
     </span>
    </p>
   </div>
   <div class='ocr_carea' id='block_1_3' title="bbox 516 2508 1670 2581">
    <p class='ocr_par' dir='ltr' id='par_1_3' title="bbox 516 2508 1670 2581">
     <span class='ocr_line' id='line_1_28' title="bbox 516 2508 1670 2581; baseline 0 -20"><span class='ocrx_word' id='word_1_150' title='bbox 516 2574 526 2581; x_wconf 94' lang='lat'>.</span> <span class='ocrx_word' id='word_1_151' title='bbox 604 2509 711 2561; x_wconf 82' lang='lat' dir='ltr'>Sed</span> <span class='ocrx_word' id='word_1_152' title='bbox 752 2508 1005 2560; x_wconf 81' lang='lat' dir='ltr'>videndus</span> <span class='ocrx_word' id='word_1_153' title='bbox 1056 2516 1141 2560; x_wconf 82' lang='lat' dir='ltr'>est</span> <span class='ocrx_word' id='word_1_154' title='bbox 1191 2510 1258 2559; x_wconf 90' lang='lat' dir='ltr'>de</span> <span class='ocrx_word' id='word_1_155' title='bbox 1300 2510 1379 2560; x_wconf 76' lang='lat' dir='ltr'>his</span> <span class='ocrx_word' id='word_1_156' title='bbox 1427 2510 1670 2563; x_wconf 77' lang='lat' dir='ltr'>Sanctius</span> 
     </span>
    </p>
   </div>
   <div class='ocr_carea' id='block_1_4' title="bbox 604 2586 1680 4255">
    <p class='ocr_par' dir='ltr' id='par_1_4' title="bbox 606 2586 1672 2715">
     <span class='ocr_line' id='line_1_29' title="bbox 606 2586 1672 2640; baseline 0.005 -5"><span class='ocrx_word' id='word_1_157' title='bbox 606 2586 661 2635; x_wconf 85' lang='lat' dir='ltr'>in</span> <span class='ocrx_word' id='word_1_158' title='bbox 721 2586 949 2638; x_wconf 75' lang='lat' dir='ltr'>Minerv.</span> <span class='ocrx_word' id='word_1_159' title='bbox 992 2600 1070 2639; x_wconf 83' lang='lat' dir='ltr'>ur.</span> <span class='ocrx_word' id='word_1_160' title='bbox 1114 2590 1163 2637; x_wconf 71' lang='lat'>3.</span> <span class='ocrx_word' id='word_1_161' title='bbox 1216 2594 1276 2637; x_wconf 90' lang='lat' dir='ltr'>et</span> <span class='ocrx_word' id='word_1_162' title='bbox 1313 2586 1383 2637; x_wconf 90' lang='lat' dir='ltr'>ibi</span> <span class='ocrx_word' id='word_1_163' title='bbox 1428 2587 1672 2640; x_wconf 78' lang='lat' dir='ltr'>Perizon.</span> 
     </span>
     <span class='ocr_line' id='line_1_30' title="bbox 606 2668 767 2715; baseline 0.012 -2"><span class='ocrx_word' id='word_1_164' title='bbox 606 2678 659 2715; x_wconf 88' lang='lat' dir='ltr'>n.</span> <span class='ocrx_word' id='word_1_165' title='bbox 684 2668 767 2715; x_wconf 77' lang='lat'>1⁸.</span> 
     </span>
    </p>

    <p class='ocr_par' dir='ltr' id='par_1_5' title="bbox 604 2738 1680 4255">
     <span class='ocr_line' id='line_1_31' title="bbox 673 2738 1671 2806; baseline 0 -15"><span class='ocrx_word' id='word_1_166' title='bbox 673 2741 791 2792; x_wconf 81' lang='lat' dir='ltr'>Nisi</span> <span class='ocrx_word' id='word_1_167' title='bbox 820 2742 945 2806; x_wconf 74' lang='lat' dir='ltr'>qaod</span> <span class='ocrx_word' id='word_1_168' title='bbox 975 2739 1060 2792; x_wconf 75' lang='lat' dir='ltr'>snb</span> <span class='ocrx_word' id='word_1_169' title='bbox 1096 2738 1303 2803; x_wconf 64' lang='lat' dir='ltr'>Mose</span> <span class='ocrx_word' id='word_1_170' title='bbox 1324 2740 1552 2805; x_wconf 52' lang='lat' dir='ltr'>&amp;seips</span> <span class='ocrx_word' id='word_1_171' title='bbox 1572 2756 1671 2791; x_wconf 77' lang='lat' dir='ltr'>ms-</span> 
     </span>
     <span class='ocr_line' id='line_1_32' title="bbox 604 2815 1670 2882; baseline 0 -15"><span class='ocrx_word' id='word_1_172' title='bbox 604 2823 687 2867; x_wconf 80' lang='lat' dir='ltr'>est</span> <span class='ocrx_word' id='word_1_173' title='bbox 734 2818 955 2882; x_wconf 67' lang='lat' dir='ltr'>luemus]</span> <span class='ocrx_word' id='word_1_174' title='bbox 1026 2818 1327 2869; x_wconf 84' lang='lat' dir='ltr'>Lectionem</span> <span class='ocrx_word' id='word_1_175' title='bbox 1387 2815 1670 2867; x_wconf 80' lang='lat' dir='ltr'>Nazariani</span> 
     </span>
     <span class='ocr_line' id='line_1_33' title="bbox 608 2892 1671 2946; baseline 0.001 -2"><span class='ocrx_word' id='word_1_176' title='bbox 608 2892 820 2944; x_wconf 79' lang='lat' dir='ltr'>Codicis</span> <span class='ocrx_word' id='word_1_177' title='bbox 852 2894 939 2943; x_wconf 84' lang='lat' dir='ltr'>hic</span> <span class='ocrx_word' id='word_1_178' title='bbox 978 2908 1310 2946; x_wconf 78' lang='lat' dir='ltr'>revocamus:</span> <span class='ocrx_word' id='word_1_179' title='bbox 1342 2894 1489 2944; x_wconf 76' lang='lat' dir='ltr'>movit</span> <span class='ocrx_word' id='word_1_180' title='bbox 1522 2896 1671 2945; x_wconf 67' lang='lat' dir='ltr'>mer-</span> 
     </span>
     <span class='ocr_line' id='line_1_34' title="bbox 606 2968 1672 3036; baseline 0 -17"><span class='ocrx_word' id='word_1_181' title='bbox 606 2973 697 3021; x_wconf 74' lang='lat' dir='ltr'>tos.</span> <span class='ocrx_word' id='word_1_182' title='bbox 776 2968 859 3019; x_wconf 81' lang='lat' dir='ltr'>Ex</span> <span class='ocrx_word' id='word_1_183' title='bbox 904 2985 1007 3036; x_wconf 87' lang='lat' dir='ltr'>qua</span> <span class='ocrx_word' id='word_1_184' title='bbox 1048 2972 1377 3035; x_wconf 70' lang='lat' dir='ltr'>colligimus,⁴</span> <span class='ocrx_word' id='word_1_185' title='bbox 1414 2970 1672 3020; x_wconf 67' lang='lat' dir='ltr'>Annaeum</span> 
     </span>
     <span class='ocr_line' id='line_1_35' title="bbox 608 3046 1672 3111; baseline 0.001 -15"><span class='ocrx_word' id='word_1_186' title='bbox 608 3046 817 3097; x_wconf 75' lang='lat' dir='ltr'>Florum</span> <span class='ocrx_word' id='word_1_187' title='bbox 839 3047 973 3097; x_wconf 81' lang='lat' dir='ltr'>hanc</span> <span class='ocrx_word' id='word_1_188' title='bbox 998 3048 1267 3111; x_wconf 75' lang='lat' dir='ltr'>epitomen</span> <span class='ocrx_word' id='word_1_189' title='bbox 1292 3046 1559 3111; x_wconf 72' lang='lat' dir='ltr'>scripsisse</span> <span class='ocrx_word' id='word_1_190' title='bbox 1594 3054 1672 3097; x_wconf 84' lang='lat' dir='ltr'>st-</span> 
     </span>
     <span class='ocr_line' id='line_1_36' title="bbox 610 3120 1672 3184; baseline 0.001 -13"><span class='ocrx_word' id='word_1_191' title='bbox 610 3135 713 3184; x_wconf 87' lang='lat' dir='ltr'>que</span> <span class='ocrx_word' id='word_1_192' title='bbox 750 3120 977 3172; x_wconf 80' lang='lat' dir='ltr'>edidisse</span> <span class='ocrx_word' id='word_1_193' title='bbox 1016 3122 1112 3172; x_wconf 90' lang='lat' dir='ltr'>sub</span> <span class='ocrx_word' id='word_1_194' title='bbox 1154 3121 1408 3184; x_wconf 83' lang='lat' dir='ltr'>Adriano,</span> <span class='ocrx_word' id='word_1_195' title='bbox 1438 3136 1541 3173; x_wconf 88' lang='lat' dir='ltr'>non</span> <span class='ocrx_word' id='word_1_196' title='bbox 1576 3122 1672 3173; x_wconf 83' lang='lat' dir='ltr'>snb</span> 
     </span>
     <span class='ocr_line' id='line_1_37' title="bbox 606 3196 1670 3261; baseline 0.002 -16"><span class='ocrx_word' id='word_1_197' title='bbox 606 3196 844 3260; x_wconf 74' lang='lat' dir='ltr'>Trojano.</span> <span class='ocrx_word' id='word_1_198' title='bbox 909 3197 1049 3247; x_wconf 81' lang='lat' dir='ltr'>Saue</span> <span class='ocrx_word' id='word_1_199' title='bbox 1069 3198 1223 3259; x_wconf 78' lang='lat' dir='ltr'>liujus</span> <span class='ocrx_word' id='word_1_200' title='bbox 1260 3196 1526 3259; x_wconf 86' lang='lat' dir='ltr'>scriptoris</span> <span class='ocrx_word' id='word_1_201' title='bbox 1556 3198 1670 3261; x_wconf 87' lang='lat' dir='ltr'>plu·</span> 
     </span>
     <span class='ocr_line' id='line_1_38' title="bbox 606 3271 1673 3336; baseline 0.002 -14"><span class='ocrx_word' id='word_1_202' title='bbox 606 3272 789 3323; x_wconf 86' lang='lat' dir='ltr'>rimam</span> <span class='ocrx_word' id='word_1_203' title='bbox 808 3271 905 3323; x_wconf 87' lang='lat' dir='ltr'>sub</span> <span class='ocrx_word' id='word_1_204' title='bbox 926 3271 1155 3322; x_wconf 76' lang='lat' dir='ltr'>Adriano</span> <span class='ocrx_word' id='word_1_205' title='bbox 1176 3271 1504 3336; x_wconf 76' lang='lat' dir='ltr'>Imperatore</span> <span class='ocrx_word' id='word_1_206' title='bbox 1532 3286 1673 3324; x_wconf 85' lang='lat' dir='ltr'>men·</span> 
     </span>
     <span class='ocr_line' id='line_1_39' title="bbox 608 3347 1670 3412; baseline 0.002 -13"><span class='ocrx_word' id='word_1_207' title='bbox 608 3349 829 3412; x_wconf 84' lang='lat' dir='ltr'>tionem,</span> <span class='ocrx_word' id='word_1_208' title='bbox 850 3348 946 3399; x_wconf 87' lang='lat' dir='ltr'>sub</span> <span class='ocrx_word' id='word_1_209' title='bbox 964 3347 1191 3412; x_wconf 73' lang='lat' dir='ltr'>Trojano</span> <span class='ocrx_word' id='word_1_210' title='bbox 1216 3350 1411 3399; x_wconf 80' lang='lat' dir='ltr'>nullam</span> <span class='ocrx_word' id='word_1_211' title='bbox 1441 3349 1670 3401; x_wconf 84' lang='lat' dir='ltr'>invenio.</span> 
     </span>
     <span class='ocr_line' id='line_1_40' title="bbox 608 3424 1675 3490; baseline -0.001 -13"><span class='ocrx_word' id='word_1_212' title='bbox 608 3425 747 3477; x_wconf 79' lang='lat' dir='ltr'>Vide</span> <span class='ocrx_word' id='word_1_213' title='bbox 767 3424 956 3476; x_wconf 82' lang='lat' dir='ltr'>AElium</span> <span class='ocrx_word' id='word_1_214' title='bbox 990 3424 1323 3489; x_wconf 71' lang='lat' dir='ltr'>spartianum</span> <span class='ocrx_word' id='word_1_215' title='bbox 1344 3424 1399 3475; x_wconf 89' lang='lat' dir='ltr'>lu</span> <span class='ocrx_word' id='word_1_216' title='bbox 1422 3424 1675 3490; x_wconf 78' lang='lat' dir='ltr'>Adriano,</span> 
     </span>
     <span class='ocr_line' id='line_1_41' title="bbox 609 3500 1674 3552; baseline 0.001 -1"><span class='ocrx_word' id='word_1_217' title='bbox 609 3500 701 3551; x_wconf 88' lang='lat' dir='ltr'>ubi</span> <span class='ocrx_word' id='word_1_218' title='bbox 736 3501 897 3552; x_wconf 87' lang='lat' dir='ltr'>etiam</span> <span class='ocrx_word' id='word_1_219' title='bbox 920 3501 1097 3551; x_wconf 80' lang='lat' dir='ltr'>Florus</span> <span class='ocrx_word' id='word_1_220' title='bbox 1120 3501 1293 3552; x_wconf 69' lang='lat' dir='ltr'>Poeta</span> <span class='ocrx_word' id='word_1_221' title='bbox 1314 3506 1543 3552; x_wconf 77' lang='lat' dir='ltr'>vocatur.</span> <span class='ocrx_word' id='word_1_222' title='bbox 1599 3502 1674 3552; x_wconf 84' lang='lat' dir='ltr'>A·</span> 
     </span>
     <span class='ocr_line' id='line_1_42' title="bbox 610 3576 1676 3643; baseline 0.002 -17"><span class='ocrx_word' id='word_1_223' title='bbox 610 3576 721 3641; x_wconf 88' lang='lat' dir='ltr'>pud</span> <span class='ocrx_word' id='word_1_224' title='bbox 739 3576 1049 3639; x_wconf 75' lang='lat' dir='ltr'>charisium,</span> <span class='ocrx_word' id='word_1_225' title='bbox 1062 3576 1239 3627; x_wconf 88' lang='lat' dir='ltr'>multis</span> <span class='ocrx_word' id='word_1_226' title='bbox 1250 3576 1303 3627; x_wconf 90' lang='lat' dir='ltr'>in</span> <span class='ocrx_word' id='word_1_227' title='bbox 1320 3578 1470 3641; x_wconf 88' lang='lat' dir='ltr'>locis,</span> <span class='ocrx_word' id='word_1_228' title='bbox 1487 3579 1676 3643; x_wconf 86' lang='lat' dir='ltr'>scripti</span> 
     </span>
     <span class='ocr_line' id='line_1_43' title="bbox 612 3650 1678 3717; baseline 0.003 -13"><span class='ocrx_word' id='word_1_229' title='bbox 612 3650 903 3717; x_wconf 76' lang='lat' dir='ltr'>cujusdam,</span> <span class='ocrx_word' id='word_1_230' title='bbox 937 3652 1045 3702; x_wconf 84' lang='lat' dir='ltr'>sive</span> <span class='ocrx_word' id='word_1_231' title='bbox 1084 3654 1305 3717; x_wconf 82' lang='lat' dir='ltr'>epistola</span> <span class='ocrx_word' id='word_1_232' title='bbox 1342 3653 1431 3717; x_wconf 88' lang='lat' dir='ltr'>sit,</span> <span class='ocrx_word' id='word_1_233' title='bbox 1450 3657 1678 3707; x_wconf 84' lang='lat' dir='ltr'>occurrit</span> 
     </span>
     <span class='ocr_line' id='line_1_44' title="bbox 610 3727 1678 3781; baseline -0.001 -1"><span class='ocrx_word' id='word_1_234' title='bbox 610 3727 811 3781; x_wconf 86' lang='lat' dir='ltr'>mentio</span> <span class='ocrx_word' id='word_1_235' title='bbox 824 3728 891 3778; x_wconf 87' lang='lat' dir='ltr'>ad</span> <span class='ocrx_word' id='word_1_236' title='bbox 914 3727 1103 3779; x_wconf 82' lang='lat' dir='ltr'>Divum</span> <span class='ocrx_word' id='word_1_237' title='bbox 1126 3727 1428 3780; x_wconf 82' lang='lat' dir='ltr'>Adriauum.</span> <span class='ocrx_word' id='word_1_238' title='bbox 1491 3727 1678 3779; x_wconf 82' lang='lat' dir='ltr'>Adria-</span> 
     </span>
     <span class='ocr_line' id='line_1_45' title="bbox 612 3802 1677 3871; baseline -0.001 -13"><span class='ocrx_word' id='word_1_239' title='bbox 612 3808 669 3858; x_wconf 88' lang='lat' dir='ltr'>ni</span> <span class='ocrx_word' id='word_1_240' title='bbox 708 3805 871 3871; x_wconf 73' lang='lat' dir='ltr'>igitur</span> <span class='ocrx_word' id='word_1_241' title='bbox 912 3804 1229 3871; x_wconf 83' lang='lat' dir='ltr'>temporibus</span> <span class='ocrx_word' id='word_1_242' title='bbox 1270 3804 1408 3855; x_wconf 84' lang='lat' dir='ltr'>hunc</span> <span class='ocrx_word' id='word_1_243' title='bbox 1443 3802 1677 3857; x_wconf 86' lang='lat' dir='ltr'>floruisse</span> 
     </span>
     <span class='ocr_line' id='line_1_46' title="bbox 612 3879 1678 3952; baseline -0.002 -16"><span class='ocrx_word' id='word_1_244' title='bbox 612 3900 713 3952; x_wconf 85' lang='lat' dir='ltr'>pro</span> <span class='ocrx_word' id='word_1_245' title='bbox 752 3888 1019 3949; x_wconf 82' lang='lat' dir='ltr'>comperto</span> <span class='ocrx_word' id='word_1_246' title='bbox 1056 3882 1247 3933; x_wconf 81' lang='lat' dir='ltr'>habeo.</span> <span class='ocrx_word' id='word_1_247' title='bbox 1312 3879 1421 3932; x_wconf 86' lang='lat' dir='ltr'>Sub</span> <span class='ocrx_word' id='word_1_248' title='bbox 1451 3883 1678 3947; x_wconf 85' lang='lat' dir='ltr'>Trajauo</span> 
     </span>
     <span class='ocr_line' id='line_1_47' title="bbox 613 3958 1678 4024; baseline -0.004 -10"><span class='ocrx_word' id='word_1_249' title='bbox 613 3963 807 4015; x_wconf 81' lang='lat' dir='ltr'>vixisse</span> <span class='ocrx_word' id='word_1_250' title='bbox 842 3962 945 4012; x_wconf 83' lang='lat' dir='ltr'>etsi</span> <span class='ocrx_word' id='word_1_251' title='bbox 980 3974 1083 4010; x_wconf 89' lang='lat' dir='ltr'>non</span> <span class='ocrx_word' id='word_1_252' title='bbox 1118 3973 1323 4024; x_wconf 78' lang='lat' dir='ltr'>negem,</span> <span class='ocrx_word' id='word_1_253' title='bbox 1348 3958 1449 4010; x_wconf 85' lang='lat' dir='ltr'>imo</span> <span class='ocrx_word' id='word_1_254' title='bbox 1487 3959 1678 4010; x_wconf 78' lang='lat' dir='ltr'>vixisse</span> 
     </span>
     <span class='ocr_line' id='line_1_48' title="bbox 614 4036 1679 4099; baseline -0.004 -8"><span class='ocrx_word' id='word_1_255' title='bbox 614 4041 773 4092; x_wconf 79' lang='lat' dir='ltr'>etism</span> <span class='ocrx_word' id='word_1_256' title='bbox 796 4052 1072 4099; x_wconf 77' lang='lat' dir='ltr'>censesm3</span> <span class='ocrx_word' id='word_1_257' title='bbox 1094 4036 1191 4086; x_wconf 84' lang='lat' dir='ltr'>sub</span> <span class='ocrx_word' id='word_1_258' title='bbox 1208 4050 1271 4087; x_wconf 88' lang='lat' dir='ltr'>eo</span> <span class='ocrx_word' id='word_1_259' title='bbox 1306 4042 1481 4087; x_wconf 85' lang='lat' dir='ltr'>tamen</span> <span class='ocrx_word' id='word_1_260' title='bbox 1503 4036 1679 4087; x_wconf 86' lang='lat' dir='ltr'>admo-</span> 
     </span>
     <span class='ocr_line' id='line_1_49' title="bbox 616 4112 1680 4179; baseline -0.001 -13"><span class='ocrx_word' id='word_1_261' title='bbox 616 4116 740 4169; x_wconf 81' lang='lat' dir='ltr'>dum</span> <span class='ocrx_word' id='word_1_262' title='bbox 760 4122 941 4167; x_wconf 87' lang='lat' dir='ltr'>notum</span> <span class='ocrx_word' id='word_1_263' title='bbox 978 4112 1155 4172; x_wconf 81' lang='lat' dir='ltr'>fuisse,</span> <span class='ocrx_word' id='word_1_264' title='bbox 1176 4121 1269 4165; x_wconf 82' lang='lat' dir='ltr'>aut</span> <span class='ocrx_word' id='word_1_265' title='bbox 1302 4114 1495 4179; x_wconf 84' lang='lat' dir='ltr'>aliquid</span> <span class='ocrx_word' id='word_1_266' title='bbox 1518 4114 1680 4179; x_wconf 78' lang='lat' dir='ltr'>scrip-</span> 
     </span>
     <span class='ocr_line' id='line_1_50' title="bbox 616 4188 1680 4255; baseline -0.002 -13"><span class='ocrx_word' id='word_1_267' title='bbox 616 4192 747 4242; x_wconf 81' lang='lat' dir='ltr'>sisse</span> <span class='ocrx_word' id='word_1_268' title='bbox 765 4204 867 4241; x_wconf 91' lang='lat' dir='ltr'>non</span> <span class='ocrx_word' id='word_1_269' title='bbox 884 4197 1035 4255; x_wconf 88' lang='lat' dir='ltr'>puto.</span> <span class='ocrx_word' id='word_1_270' title='bbox 1099 4188 1166 4241; x_wconf 86' lang='lat' dir='ltr'>Id</span> <span class='ocrx_word' id='word_1_271' title='bbox 1200 4190 1421 4241; x_wconf 83' lang='lat' dir='ltr'>maxime</span> <span class='ocrx_word' id='word_1_272' title='bbox 1457 4191 1680 4253; x_wconf 85' lang='lat' dir='ltr'>evincit,</span> 
     </span>
    </p>
   </div>
   <div class='ocr_carea' id='block_1_5' title="bbox 506 4264 1682 4333">
    <p class='ocr_par' dir='ltr' id='par_1_6' title="bbox 506 4264 1682 4333">
     <span class='ocr_line' id='line_1_51' title="bbox 506 4264 1682 4333; baseline 0.003 -18"><span class='ocrx_word' id='word_1_273' title='bbox 506 4311 510 4315; x_wconf 88' lang='lat'>.</span> <span class='ocrx_word' id='word_1_274' title='bbox 617 4266 757 4333; x_wconf 76' lang='lat' dir='ltr'>qnod</span> <span class='ocrx_word' id='word_1_275' title='bbox 778 4266 875 4319; x_wconf 85' lang='lat' dir='ltr'>hoc</span> <span class='ocrx_word' id='word_1_276' title='bbox 894 4268 1011 4320; x_wconf 81' lang='lat' dir='ltr'>loco</span> <span class='ocrx_word' id='word_1_277' title='bbox 1034 4264 1233 4333; x_wconf 77' lang='lat' dir='ltr'>scribit,</span> <span class='ocrx_word' id='word_1_278' title='bbox 1250 4266 1503 4320; x_wconf 87' lang='lat' dir='ltr'>ducentos</span> <span class='ocrx_word' id='word_1_279' title='bbox 1522 4280 1682 4325; x_wconf 77' lang='lat' dir='ltr'>annus</span> 
     </span>
    </p>
   </div>
   <div class='ocr_carea' id='block_1_6' title="bbox 1285 377 2082 429">
    <p class='ocr_par' dir='ltr' id='par_1_7' title="bbox 1285 377 2082 429">
     <span class='ocr_line' id='line_1_52' title="bbox 1285 377 2082 429; baseline -0.001 -1"><span class='ocrx_word' id='word_1_280' title='bbox 1285 380 1503 429; x_wconf 76' lang='lat' dir='ltr'>No&#39;rAE</span> <span class='ocrx_word' id='word_1_281' title='bbox 1555 378 1648 427; x_wconf 79' lang='lat' dir='ltr'>vA</span> <span class='ocrx_word' id='word_1_282' title='bbox 1662 377 1956 428; x_wconf 74' lang='lat' dir='ltr'>molum</span> <span class='ocrx_word' id='word_1_283' title='bbox 2006 377 2082 427; x_wconf 77' lang='lat' dir='ltr'>m</span> 
     </span>
    </p>
   </div>
   <div class='ocr_carea' id='block_1_7' title="bbox 1730 522 2832 4254">
    <p class='ocr_par' dir='ltr' id='par_1_8' title="bbox 1730 522 2832 4254">
     <span class='ocr_line' id='line_1_53' title="bbox 1730 522 2793 590; baseline -0.001 -15"><span class='ocrx_word' id='word_1_284' title='bbox 1730 524 1784 575; x_wconf 89' lang='lat' dir='ltr'>iu</span> <span class='ocrx_word' id='word_1_285' title='bbox 1805 525 2032 577; x_wconf 88' lang='lat' dir='ltr'>seculum</span> <span class='ocrx_word' id='word_1_286' title='bbox 2059 538 2208 575; x_wconf 88' lang='lat' dir='ltr'>suum</span> <span class='ocrx_word' id='word_1_287' title='bbox 2243 523 2310 576; x_wconf 83' lang='lat' dir='ltr'>sb</span> <span class='ocrx_word' id='word_1_288' title='bbox 2341 522 2583 590; x_wconf 72' lang='lat' dir='ltr'>Augusto</span> <span class='ocrx_word' id='word_1_289' title='bbox 2612 532 2793 575; x_wconf 68' lang='lat' dir='ltr'>nnme-</span> 
     </span>
     <span class='ocr_line' id='line_1_54' title="bbox 1732 602 2798 664; baseline -0.002 -12"><span class='ocrx_word' id='word_1_290' title='bbox 1732 602 1855 652; x_wconf 85' lang='lat' dir='ltr'>rari.</span> <span class='ocrx_word' id='word_1_291' title='bbox 1895 602 1998 656; x_wconf 81' lang='lat' dir='ltr'>Qui</span> <span class='ocrx_word' id='word_1_292' title='bbox 2013 614 2260 652; x_wconf 88' lang='lat' dir='ltr'>numerus</span> <span class='ocrx_word' id='word_1_293' title='bbox 2280 615 2530 652; x_wconf 81' lang='lat' dir='ltr'>annorum</span> <span class='ocrx_word' id='word_1_294' title='bbox 2555 607 2798 664; x_wconf 79' lang='lat' dir='ltr'>tempora</span> 
     </span>
     <span class='ocr_line' id='line_1_55' title="bbox 1731 676 2795 743; baseline 0 -16"><span class='ocrx_word' id='word_1_295' title='bbox 1731 678 1944 743; x_wconf 83' lang='lat' dir='ltr'>Trajani</span> <span class='ocrx_word' id='word_1_296' title='bbox 1963 676 2138 727; x_wconf 86' lang='lat' dir='ltr'>multis</span> <span class='ocrx_word' id='word_1_297' title='bbox 2154 677 2302 727; x_wconf 91' lang='lat' dir='ltr'>annis</span> <span class='ocrx_word' id='word_1_298' title='bbox 2323 676 2552 742; x_wconf 82' lang='lat' dir='ltr'>excedit,</span> <span class='ocrx_word' id='word_1_299' title='bbox 2574 683 2632 728; x_wconf 88' lang='lat' dir='ltr'>et</span> <span class='ocrx_word' id='word_1_300' title='bbox 2655 678 2795 727; x_wconf 82' lang='lat' dir='ltr'>ultra</span> 
     </span>
     <span class='ocr_line' id='line_1_56' title="bbox 1732 753 2796 819; baseline -0.002 -15"><span class='ocrx_word' id='word_1_301' title='bbox 1732 753 1954 819; x_wconf 79' lang='lat' dir='ltr'>Adriani</span> <span class='ocrx_word' id='word_1_302' title='bbox 1971 754 2154 804; x_wconf 86' lang='lat' dir='ltr'>ultima</span> <span class='ocrx_word' id='word_1_303' title='bbox 2169 754 2330 805; x_wconf 83' lang='lat' dir='ltr'>etiam</span> <span class='ocrx_word' id='word_1_304' title='bbox 2351 760 2588 819; x_wconf 81' lang='lat' dir='ltr'>tempora</span> <span class='ocrx_word' id='word_1_305' title='bbox 2609 767 2796 803; x_wconf 78' lang='lat' dir='ltr'>excur-</span> 
     </span>
     <span class='ocr_line' id='line_1_57' title="bbox 1733 831 2798 895; baseline -0.003 -13"><span class='ocrx_word' id='word_1_306' title='bbox 1733 832 1823 883; x_wconf 88' lang='lat' dir='ltr'>rit.</span> <span class='ocrx_word' id='word_1_307' title='bbox 1889 831 2088 881; x_wconf 85' lang='lat' dir='ltr'>Verum</span> <span class='ocrx_word' id='word_1_308' title='bbox 2122 838 2206 881; x_wconf 86' lang='lat' dir='ltr'>est</span> <span class='ocrx_word' id='word_1_309' title='bbox 2245 832 2421 895; x_wconf 77' lang='lat' dir='ltr'>igitur,</span> <span class='ocrx_word' id='word_1_310' title='bbox 2454 832 2552 882; x_wconf 85' lang='lat' dir='ltr'>hoc</span> <span class='ocrx_word' id='word_1_311' title='bbox 2587 831 2703 882; x_wconf 81' lang='lat' dir='ltr'>loeo</span> <span class='ocrx_word' id='word_1_312' title='bbox 2724 831 2798 880; x_wconf 87' lang='lat' dir='ltr'>le·</span> 
     </span>
     <span class='ocr_line' id='line_1_58' title="bbox 1735 907 2796 973; baseline -0.001 -15"><span class='ocrx_word' id='word_1_313' title='bbox 1735 907 1958 973; x_wconf 74' lang='lat' dir='ltr'>gendum</span> <span class='ocrx_word' id='word_1_314' title='bbox 1979 922 2130 959; x_wconf 81' lang='lat' dir='ltr'>esse:</span> <span class='ocrx_word' id='word_1_315' title='bbox 2159 907 2466 969; x_wconf 56' lang='lat' dir='ltr'>subm-qim</span> <span class='ocrx_word' id='word_1_316' title='bbox 2483 910 2634 959; x_wconf 70' lang='lat' dir='ltr'>mouit·</span> <span class='ocrx_word' id='word_1_317' title='bbox 2647 910 2796 959; x_wconf 67' lang='lat' dir='ltr'>hoer-</span> 
     </span>
     <span class='ocr_line' id='line_1_59' title="bbox 1733 984 2800 1049; baseline 0.002 -15"><span class='ocrx_word' id='word_1_318' title='bbox 1733 990 1821 1035; x_wconf 62' lang='grc' dir='ltr'><strong>τοι.</strong></span> <span class='ocrx_word' id='word_1_319' title='bbox 1851 984 1956 1034; x_wconf 83' lang='lat' dir='ltr'>Sal.</span> <span class='ocrx_word' id='word_1_320' title='bbox 2020 984 2181 1035; x_wconf 71' lang='lat' dir='ltr'>Movit</span> <span class='ocrx_word' id='word_1_321' title='bbox 2210 984 2488 1049; x_wconf 74' lang='lat' dir='ltr'>legendum</span> <span class='ocrx_word' id='word_1_322' title='bbox 2521 991 2676 1049; x_wconf 90' lang='lat' dir='ltr'>putat</span> <span class='ocrx_word' id='word_1_323' title='bbox 2699 984 2800 1037; x_wconf 74' lang='lat' dir='ltr'>cs·</span> 
     </span>
     <span class='ocr_line' id='line_1_60' title="bbox 1735 1061 2799 1125; baseline 0.001 -13"><span class='ocrx_word' id='word_1_324' title='bbox 1735 1076 1892 1125; x_wconf 87' lang='lat' dir='ltr'>mers,</span> <span class='ocrx_word' id='word_1_325' title='bbox 1924 1069 1981 1112; x_wconf 90' lang='lat' dir='ltr'>et</span> <span class='ocrx_word' id='word_1_326' title='bbox 2013 1061 2188 1112; x_wconf 82' lang='lat' dir='ltr'>multis</span> <span class='ocrx_word' id='word_1_327' title='bbox 2221 1061 2460 1113; x_wconf 83' lang='lat' dir='ltr'>defendit</span> <span class='ocrx_word' id='word_1_328' title='bbox 2487 1062 2799 1113; x_wconf 69' lang='lat' dir='ltr'>Salmasiusz</span> 
     </span>
     <span class='ocr_line' id='line_1_61' title="bbox 1734 1127 2800 1203; baseline 0 -16"><span class='ocrx_word' id='word_1_329' title='bbox 1734 1151 1834 1188; x_wconf 89' lang='lat' dir='ltr'>nec</span> <span class='ocrx_word' id='word_1_330' title='bbox 1867 1127 2263 1202; x_wconf 83' lang='lat' dir='ltr'>ratio-Gruteri,</span> <span class='ocrx_word' id='word_1_331' title='bbox 2282 1154 2382 1203; x_wconf 87' lang='lat' dir='ltr'>qus</span> <span class='ocrx_word' id='word_1_332' title='bbox 2417 1138 2671 1191; x_wconf 86' lang='lat' dir='ltr'>Camertis</span> <span class='ocrx_word' id='word_1_333' title='bbox 2692 1140 2800 1187; x_wconf 90' lang='lat' dir='ltr'>lec-</span> 
     </span>
     <span class='ocr_line' id='line_1_62' title="bbox 1738 1213 2798 1279; baseline 0.002 -16"><span class='ocrx_word' id='word_1_334' title='bbox 1738 1213 1932 1264; x_wconf 88' lang='lat' dir='ltr'>tionem</span> <span class='ocrx_word' id='word_1_335' title='bbox 1967 1213 2250 1279; x_wconf 87' lang='lat' dir='ltr'>improbat,</span> <span class='ocrx_word' id='word_1_336' title='bbox 2280 1215 2406 1266; x_wconf 83' lang='lat' dir='ltr'>satis</span> <span class='ocrx_word' id='word_1_337' title='bbox 2447 1215 2504 1265; x_wconf 90' lang='lat' dir='ltr'>in</span> <span class='ocrx_word' id='word_1_338' title='bbox 2535 1215 2798 1265; x_wconf 83' lang='lat' dir='ltr'>diversum</span> 
     </span>
     <span class='ocr_line' id='line_1_63' title="bbox 1739 1289 2802 1355; baseline 0.001 -17"><span class='ocrx_word' id='word_1_339' title='bbox 1739 1289 1902 1353; x_wconf 78' lang='lat' dir='ltr'>valet,</span> <span class='ocrx_word' id='word_1_340' title='bbox 1920 1289 2141 1355; x_wconf 88' lang='lat' dir='ltr'>ideoque</span> <span class='ocrx_word' id='word_1_341' title='bbox 2175 1291 2228 1339; x_wconf 91' lang='lat' dir='ltr'>in</span> <span class='ocrx_word' id='word_1_342' title='bbox 2265 1296 2466 1341; x_wconf 80' lang='lat' dir='ltr'>textum</span> <span class='ocrx_word' id='word_1_343' title='bbox 2495 1289 2802 1354; x_wconf 79' lang='lat' dir='ltr'>recipienda</span> 
     </span>
     <span class='ocr_line' id='line_1_64' title="bbox 1740 1364 2805 1430; baseline -0.003 -13"><span class='ocrx_word' id='word_1_344' title='bbox 1740 1365 2031 1429; x_wconf 80' lang='lat' dir='ltr'>videbatur,</span> <span class='ocrx_word' id='word_1_345' title='bbox 2063 1367 2354 1430; x_wconf 71' lang='lat' dir='ltr'>praesertim</span> <span class='ocrx_word' id='word_1_346' title='bbox 2385 1380 2504 1417; x_wconf 90' lang='lat' dir='ltr'>cum</span> <span class='ocrx_word' id='word_1_347' title='bbox 2540 1366 2594 1415; x_wconf 85' lang='lat' dir='ltr'>in</span> <span class='ocrx_word' id='word_1_348' title='bbox 2632 1364 2805 1415; x_wconf 75' lang='lat' dir='ltr'>Nasa-</span> 
     </span>
     <span class='ocr_line' id='line_1_65' title="bbox 1739 1440 2803 1507; baseline 0 -16"><span class='ocrx_word' id='word_1_349' title='bbox 1739 1441 1885 1492; x_wconf 85' lang='lat' dir='ltr'>riauo</span> <span class='ocrx_word' id='word_1_350' title='bbox 1905 1442 1979 1493; x_wconf 85' lang='lat' dir='ltr'>ita</span> <span class='ocrx_word' id='word_1_351' title='bbox 1997 1442 2217 1507; x_wconf 79' lang='lat' dir='ltr'>legatur,</span> <span class='ocrx_word' id='word_1_352' title='bbox 2233 1442 2486 1493; x_wconf 80' lang='lat' dir='ltr'>salmasio</span> <span class='ocrx_word' id='word_1_353' title='bbox 2509 1448 2664 1493; x_wconf 87' lang='lat' dir='ltr'>teste.</span> <span class='ocrx_word' id='word_1_354' title='bbox 2697 1440 2803 1491; x_wconf 82' lang='lat' dir='ltr'>Sed</span> 
     </span>
     <span class='ocr_line' id='line_1_66' title="bbox 1740 1518 2806 1585; baseline 0 -18"><span class='ocrx_word' id='word_1_355' title='bbox 1740 1518 1978 1583; x_wconf 82' lang='lat' dir='ltr'>quoniam</span> <span class='ocrx_word' id='word_1_356' title='bbox 2025 1519 2078 1568; x_wconf 90' lang='lat' dir='ltr'>in</span> <span class='ocrx_word' id='word_1_357' title='bbox 2119 1520 2367 1582; x_wconf 75' lang='lat' dir='ltr'>praesenti</span> <span class='ocrx_word' id='word_1_358' title='bbox 2417 1520 2560 1585; x_wconf 86' lang='lat' dir='ltr'>loqui</span> <span class='ocrx_word' id='word_1_359' title='bbox 2603 1518 2806 1583; x_wconf 76' lang='lat' dir='ltr'>pergit,</span> 
     </span>
     <span class='ocr_line' id='line_1_67' title="bbox 1740 1595 2806 1662; baseline 0.002 -19"><span class='ocrx_word' id='word_1_360' title='bbox 1740 1595 2004 1659; x_wconf 73' lang='lat' dir='ltr'>revirescit,</span> <span class='ocrx_word' id='word_1_361' title='bbox 2028 1597 2112 1646; x_wconf 80' lang='lat' dir='ltr'>vix</span> <span class='ocrx_word' id='word_1_362' title='bbox 2135 1596 2322 1649; x_wconf 85' lang='lat' dir='ltr'>dubito</span> <span class='ocrx_word' id='word_1_363' title='bbox 2351 1598 2474 1662; x_wconf 89' lang='lat' dir='ltr'>quin</span> <span class='ocrx_word' id='word_1_364' title='bbox 2508 1595 2636 1646; x_wconf 90' lang='lat' dir='ltr'>illud</span> <span class='ocrx_word' id='word_1_365' title='bbox 2673 1597 2806 1646; x_wconf 86' lang='lat' dir='ltr'>alte-</span> 
     </span>
     <span class='ocr_line' id='line_1_68' title="bbox 1741 1673 2806 1739; baseline 0.002 -18"><span class='ocrx_word' id='word_1_366' title='bbox 1741 1686 1856 1722; x_wconf 84' lang='lat' dir='ltr'>rum</span> <span class='ocrx_word' id='word_1_367' title='bbox 1877 1687 2056 1723; x_wconf 80' lang='lat' dir='ltr'>verum</span> <span class='ocrx_word' id='word_1_368' title='bbox 2077 1674 2164 1723; x_wconf 87' lang='lat' dir='ltr'>sit.</span> <span class='ocrx_word' id='word_1_369' title='bbox 2219 1673 2544 1737; x_wconf 65' lang='lat' dir='ltr'>Praesertim,</span> <span class='ocrx_word' id='word_1_370' title='bbox 2561 1674 2686 1739; x_wconf 75' lang='lat' dir='ltr'>quia</span> <span class='ocrx_word' id='word_1_371' title='bbox 2703 1686 2806 1723; x_wconf 86' lang='lat' dir='ltr'>nec</span> 
     </span>
     <span class='ocr_line' id='line_1_69' title="bbox 1741 1746 2810 1800; baseline -0.001 -1"><span class='ocrx_word' id='word_1_372' title='bbox 1741 1746 2000 1799; x_wconf 86' lang='lat' dir='ltr'>Hadriani</span> <span class='ocrx_word' id='word_1_373' title='bbox 2039 1748 2354 1799; x_wconf 85' lang='lat' dir='ltr'>mentionem</span> <span class='ocrx_word' id='word_1_374' title='bbox 2387 1750 2664 1800; x_wconf 85' lang='lat' dir='ltr'>emissurus</span> <span class='ocrx_word' id='word_1_375' title='bbox 2689 1754 2810 1799; x_wconf 84' lang='lat' dir='ltr'>erat</span> 
     </span>
     <span class='ocr_line' id='line_1_70' title="bbox 1742 1822 2807 1890; baseline 0.004 -19"><span class='ocrx_word' id='word_1_376' title='bbox 1742 1822 1943 1881; x_wconf 83' lang='lat' dir='ltr'>Florus,</span> <span class='ocrx_word' id='word_1_377' title='bbox 1965 1823 2011 1873; x_wconf 89' lang='lat' dir='ltr'>si</span> <span class='ocrx_word' id='word_1_378' title='bbox 2032 1822 2146 1889; x_wconf 87' lang='lat' dir='ltr'>ipso</span> <span class='ocrx_word' id='word_1_379' title='bbox 2171 1824 2282 1888; x_wconf 79' lang='lat' dir='ltr'>jum</span> <span class='ocrx_word' id='word_1_380' title='bbox 2317 1825 2608 1890; x_wconf 73' lang='lat' dir='ltr'>imperante</span> <span class='ocrx_word' id='word_1_381' title='bbox 2639 1825 2807 1888; x_wconf 85' lang='lat' dir='ltr'>scrip·</span> 
     </span>
     <span class='ocr_line' id='line_1_71' title="bbox 1739 1900 2812 1955; baseline 0.004 -6"><span class='ocrx_word' id='word_1_382' title='bbox 1739 1900 1908 1950; x_wconf 81' lang='lat' dir='ltr'>sisset.</span> <span class='ocrx_word' id='word_1_383' title='bbox 1941 1901 2035 1950; x_wconf 88' lang='lat' dir='ltr'>Fr.</span> <span class='ocrx_word' id='word_1_384' title='bbox 2093 1902 2258 1952; x_wconf 78' lang='lat' dir='ltr'>Movet</span> <span class='ocrx_word' id='word_1_385' title='bbox 2278 1902 2436 1952; x_wconf 87' lang='lat' dir='ltr'>etiam</span> <span class='ocrx_word' id='word_1_386' title='bbox 2456 1903 2676 1953; x_wconf 82' lang='lat' dir='ltr'>Vossius</span> <span class='ocrx_word' id='word_1_387' title='bbox 2693 1904 2728 1952; x_wconf 93' lang='lat' dir='ltr'>l.</span> <span class='ocrx_word' id='word_1_388' title='bbox 2751 1902 2812 1955; x_wconf 92' lang='lat' dir='ltr'>d.</span> 
     </span>
     <span class='ocr_line' id='line_1_72' title="bbox 1740 1977 2810 2043; baseline 0.004 -16"><span class='ocrx_word' id='word_1_389' title='bbox 1740 1981 1797 2027; x_wconf 91' lang='lat' dir='ltr'>et</span> <span class='ocrx_word' id='word_1_390' title='bbox 1815 1977 2032 2029; x_wconf 83' lang='lat' dir='ltr'>Gruter.</span> <span class='ocrx_word' id='word_1_391' title='bbox 2055 1992 2116 2027; x_wconf 93' lang='lat' dir='ltr'>ac</span> <span class='ocrx_word' id='word_1_392' title='bbox 2137 1979 2357 2043; x_wconf 85' lang='lat' dir='ltr'>Rupert.</span> <span class='ocrx_word' id='word_1_393' title='bbox 2379 1977 2447 2029; x_wconf 80' lang='lat' dir='ltr'>ad</span> <span class='ocrx_word' id='word_1_394' title='bbox 2463 1978 2512 2030; x_wconf 83' lang='lat' dir='ltr'>h.</span> <span class='ocrx_word' id='word_1_395' title='bbox 2531 1979 2568 2031; x_wconf 89' lang='lat' dir='ltr'>l.</span> <span class='ocrx_word' id='word_1_396' title='bbox 2591 1986 2810 2031; x_wconf 81' lang='lat' dir='ltr'>tuentur</span> 
     </span>
     <span class='ocr_line' id='line_1_73' title="bbox 1741 2054 2812 2122; baseline 0.004 -18"><span class='ocrx_word' id='word_1_397' title='bbox 1741 2054 1917 2105; x_wconf 86' lang='lat' dir='ltr'>multis</span> <span class='ocrx_word' id='word_1_398' title='bbox 1955 2055 2262 2118; x_wconf 83' lang='lat' dir='ltr'>rationibus,</span> <span class='ocrx_word' id='word_1_399' title='bbox 2281 2056 2371 2106; x_wconf 86' lang='lat' dir='ltr'>sed</span> <span class='ocrx_word' id='word_1_400' title='bbox 2409 2070 2514 2106; x_wconf 87' lang='lat' dir='ltr'>non</span> <span class='ocrx_word' id='word_1_401' title='bbox 2551 2057 2812 2122; x_wconf 86' lang='lat' dir='ltr'>omnibus,</span> 
     </span>
     <span class='ocr_line' id='line_1_74' title="bbox 1741 2131 2812 2197; baseline 0.004 -16"><span class='ocrx_word' id='word_1_402' title='bbox 1741 2137 1804 2181; x_wconf 87' lang='lat' dir='ltr'>ut</span> <span class='ocrx_word' id='word_1_403' title='bbox 1823 2131 1948 2181; x_wconf 79' lang='lat' dir='ltr'>mihi</span> <span class='ocrx_word' id='word_1_404' title='bbox 1969 2132 2180 2196; x_wconf 86' lang='lat' dir='ltr'>quidem</span> <span class='ocrx_word' id='word_1_405' title='bbox 2195 2132 2420 2197; x_wconf 77' lang='lat' dir='ltr'>videtur,</span> <span class='ocrx_word' id='word_1_406' title='bbox 2434 2146 2584 2197; x_wconf 70' lang='lat' dir='ltr'>mque</span> <span class='ocrx_word' id='word_1_407' title='bbox 2604 2133 2812 2185; x_wconf 80' lang='lat' dir='ltr'>validis.</span> 
     </span>
     <span class='ocr_line' id='line_1_75' title="bbox 1743 2206 2816 2274; baseline 0.004 -17"><span class='ocrx_word' id='word_1_408' title='bbox 1743 2208 1944 2259; x_wconf 85' lang='lat' dir='ltr'>Putant</span> <span class='ocrx_word' id='word_1_409' title='bbox 1963 2209 2115 2259; x_wconf 87' lang='lat' dir='ltr'>Voss.</span> <span class='ocrx_word' id='word_1_410' title='bbox 2138 2214 2195 2257; x_wconf 89' lang='lat' dir='ltr'>et</span> <span class='ocrx_word' id='word_1_411' title='bbox 2215 2206 2380 2259; x_wconf 72' lang='lat' dir='ltr'>&#39;Gutt-</span> <span class='ocrx_word' id='word_1_412' title='bbox 2413 2223 2708 2274; x_wconf 82' lang='lat' dir='ltr'>repugnare</span> <span class='ocrx_word' id='word_1_413' title='bbox 2731 2212 2816 2261; x_wconf 82' lang='lat' dir='ltr'>in-</span> 
     </span>
     <span class='ocr_line' id='line_1_76' title="bbox 1744 2286 2810 2352; baseline 0.003 -16"><span class='ocrx_word' id='word_1_414' title='bbox 1744 2291 1828 2336; x_wconf 85' lang='lat' dir='ltr'>ter</span> <span class='ocrx_word' id='word_1_415' title='bbox 1848 2300 1925 2350; x_wconf 86' lang='lat' dir='ltr'>se,</span> <span class='ocrx_word' id='word_1_416' title='bbox 1954 2286 2092 2352; x_wconf 86' lang='lat' dir='ltr'>quod</span> <span class='ocrx_word' id='word_1_417' title='bbox 2127 2286 2254 2338; x_wconf 82' lang='lat' dir='ltr'>dicit</span> <span class='ocrx_word' id='word_1_418' title='bbox 2291 2288 2472 2337; x_wconf 82' lang='lat' dir='ltr'>Florus</span> <span class='ocrx_word' id='word_1_419' title='bbox 2504 2288 2558 2338; x_wconf 76' lang='lat' dir='ltr'>ia</span> <span class='ocrx_word' id='word_1_420' title='bbox 2586 2290 2810 2339; x_wconf 61' lang='grc' dir='ltr'>κει-ὼ.</span> 
     </span>
     <span class='ocr_line' id='line_1_77' title="bbox 1741 2363 2809 2424; baseline 0.002 -12"><span class='ocrx_word' id='word_1_421' title='bbox 1741 2368 1972 2424; x_wconf 65' lang='grc' dir='ltr'>ποσὰ-ιω,</span> <span class='ocrx_word' id='word_1_422' title='bbox 2009 2370 2066 2413; x_wconf 88' lang='lat' dir='ltr'>et</span> <span class='ocrx_word' id='word_1_423' title='bbox 2103 2364 2252 2412; x_wconf 72' lang='lat' dir='ltr'>movit</span> <span class='ocrx_word' id='word_1_424' title='bbox 2289 2364 2518 2414; x_wconf 65' lang='lat' dir='ltr'>merlus:</span> <span class='ocrx_word' id='word_1_425' title='bbox 2567 2363 2658 2414; x_wconf 88' lang='lat' dir='ltr'>sed</span> <span class='ocrx_word' id='word_1_426' title='bbox 2699 2378 2809 2414; x_wconf 88' lang='lat' dir='ltr'>non</span> 
     </span>
     <span class='ocr_line' id='line_1_78' title="bbox 1742 2439 2812 2490; baseline 0.001 -2"><span class='ocrx_word' id='word_1_427' title='bbox 1742 2452 1955 2490; x_wconf 86' lang='lat' dir='ltr'>neeesse</span> <span class='ocrx_word' id='word_1_428' title='bbox 1975 2445 2058 2489; x_wconf 87' lang='lat' dir='ltr'>est</span> <span class='ocrx_word' id='word_1_429' title='bbox 2093 2439 2255 2489; x_wconf 79' lang='lat' dir='ltr'>verba</span> <span class='ocrx_word' id='word_1_430' title='bbox 2271 2439 2326 2489; x_wconf 77' lang='lat' dir='ltr'>ia</span> <span class='ocrx_word' id='word_1_431' title='bbox 2343 2441 2566 2490; x_wconf 65' lang='lat' dir='ltr'>seculum</span> <span class='ocrx_word' id='word_1_432' title='bbox 2589 2444 2812 2490; x_wconf 65' lang='lat' dir='ltr'>nostrum</span> 
     </span>
     <span class='ocr_line' id='line_1_79' title="bbox 1743 2513 2816 2581; baseline 0 -16"><span class='ocrx_word' id='word_1_433' title='bbox 1743 2513 1932 2565; x_wconf 76' lang='lat' dir='ltr'>referri</span> <span class='ocrx_word' id='word_1_434' title='bbox 1973 2514 2041 2565; x_wconf 86' lang='lat' dir='ltr'>ad</span> <span class='ocrx_word' id='word_1_435' title='bbox 2085 2528 2170 2565; x_wconf 88' lang='lat' dir='ltr'>res</span> <span class='ocrx_word' id='word_1_436' title='bbox 2205 2520 2262 2565; x_wconf 89' lang='lat' dir='ltr'>et</span> <span class='ocrx_word' id='word_1_437' title='bbox 2299 2523 2538 2579; x_wconf 83' lang='lat' dir='ltr'>tempora</span> <span class='ocrx_word' id='word_1_438' title='bbox 2575 2516 2816 2581; x_wconf 67' lang='lat' dir='ltr'>Traiani,</span> 
     </span>
     <span class='ocr_line' id='line_1_80' title="bbox 1744 2591 2814 2656; baseline 0.002 -15"><span class='ocrx_word' id='word_1_439' title='bbox 1744 2591 1941 2656; x_wconf 87' lang='lat' dir='ltr'>qnippe</span> <span class='ocrx_word' id='word_1_440' title='bbox 1997 2605 2114 2656; x_wconf 79' lang='lat' dir='ltr'>qum</span> <span class='ocrx_word' id='word_1_441' title='bbox 2173 2605 2276 2641; x_wconf 88' lang='lat' dir='ltr'>uon</span> <span class='ocrx_word' id='word_1_442' title='bbox 2329 2591 2500 2641; x_wconf 87' lang='lat' dir='ltr'>minus</span> <span class='ocrx_word' id='word_1_443' title='bbox 2553 2592 2620 2642; x_wconf 86' lang='lat' dir='ltr'>de</span> <span class='ocrx_word' id='word_1_444' title='bbox 2665 2593 2814 2643; x_wconf 86' lang='lat' dir='ltr'>Flori</span> 
     </span>
     <span class='ocr_line' id='line_1_81' title="bbox 1745 2668 2814 2733; baseline -0.001 -15"><span class='ocrx_word' id='word_1_445' title='bbox 1745 2674 1926 2731; x_wconf 65' lang='lat' dir='ltr'>etate,</span> <span class='ocrx_word' id='word_1_446' title='bbox 1955 2682 2018 2718; x_wconf 86' lang='lat' dir='ltr'>ac</span> <span class='ocrx_word' id='word_1_447' title='bbox 2049 2674 2310 2731; x_wconf 86' lang='lat' dir='ltr'>tempore,</span> <span class='ocrx_word' id='word_1_448' title='bbox 2345 2682 2448 2733; x_wconf 85' lang='lat' dir='ltr'>quo</span> <span class='ocrx_word' id='word_1_449' title='bbox 2491 2682 2610 2717; x_wconf 90' lang='lat' dir='ltr'>eum</span> <span class='ocrx_word' id='word_1_450' title='bbox 2643 2668 2814 2732; x_wconf 84' lang='lat' dir='ltr'>scrip·</span> 
     </span>
     <span class='ocr_line' id='line_1_82' title="bbox 1744 2742 2812 2808; baseline 0 -15"><span class='ocrx_word' id='word_1_451' title='bbox 1744 2743 1874 2794; x_wconf 86' lang='lat' dir='ltr'>sisse</span> <span class='ocrx_word' id='word_1_452' title='bbox 1899 2750 2052 2808; x_wconf 85' lang='lat' dir='ltr'>putat</span> <span class='ocrx_word' id='word_1_453' title='bbox 2067 2743 2368 2805; x_wconf 81' lang='lat' dir='ltr'>Salmasius,</span> <span class='ocrx_word' id='word_1_454' title='bbox 2383 2742 2556 2806; x_wconf 86' lang='lat' dir='ltr'>accipi</span> <span class='ocrx_word' id='word_1_455' title='bbox 2571 2750 2812 2807; x_wconf 85' lang='lat' dir='ltr'>possunt.</span> 
     </span>
     <span class='ocr_line' id='line_1_83' title="bbox 1745 2818 2810 2884; baseline 0.002 -15"><span class='ocrx_word' id='word_1_456' title='bbox 1745 2819 1864 2870; x_wconf 84' lang='lat' dir='ltr'>Nec</span> <span class='ocrx_word' id='word_1_457' title='bbox 1879 2819 2154 2884; x_wconf 80' lang='lat' dir='ltr'>quidquam</span> <span class='ocrx_word' id='word_1_458' title='bbox 2171 2818 2370 2883; x_wconf 75' lang='lat' dir='ltr'>obstat,</span> <span class='ocrx_word' id='word_1_459' title='bbox 2385 2833 2487 2884; x_wconf 86' lang='lat' dir='ltr'>quo</span> <span class='ocrx_word' id='word_1_460' title='bbox 2507 2818 2670 2869; x_wconf 86' lang='lat' dir='ltr'>miuus</span> <span class='ocrx_word' id='word_1_461' title='bbox 2687 2834 2810 2871; x_wconf 86' lang='lat' dir='ltr'>con·</span> 
     </span>
     <span class='ocr_line' id='line_1_84' title="bbox 1736 2894 2812 2959; baseline 0.001 -14"><span class='ocrx_word' id='word_1_462' title='bbox 1736 2894 1888 2959; x_wconf 78' lang='lat' dir='ltr'>jungi</span> <span class='ocrx_word' id='word_1_463' title='bbox 1910 2894 2113 2959; x_wconf 85' lang='lat' dir='ltr'>possint</span> <span class='ocrx_word' id='word_1_464' title='bbox 2146 2894 2292 2945; x_wconf 73' lang='lat' dir='ltr'>mouit</span> <span class='ocrx_word' id='word_1_465' title='bbox 2327 2900 2385 2945; x_wconf 87' lang='lat' dir='ltr'>et</span> <span class='ocrx_word' id='word_1_466' title='bbox 2419 2894 2681 2954; x_wconf 70' lang='lat' dir='ltr'>revirescit,</span> <span class='ocrx_word' id='word_1_467' title='bbox 2710 2895 2812 2947; x_wconf 80' lang='lat' dir='ltr'>hoc</span> 
     </span>
     <span class='ocr_line' id='line_1_85' title="bbox 1747 2970 2814 3036; baseline 0 -14"><span class='ocrx_word' id='word_1_468' title='bbox 1747 2986 1929 3023; x_wconf 85' lang='lat' dir='ltr'>sensu=</span> <span class='ocrx_word' id='word_1_469' title='bbox 1964 2972 2252 3036; x_wconf 79' lang='lat' dir='ltr'>Postquam</span> <span class='ocrx_word' id='word_1_470' title='bbox 2275 2971 2370 3021; x_wconf 84' lang='lat' dir='ltr'>sub</span> <span class='ocrx_word' id='word_1_471' title='bbox 2389 2970 2617 3035; x_wconf 80' lang='lat' dir='ltr'>Trajauo</span> <span class='ocrx_word' id='word_1_472' title='bbox 2645 2972 2814 3023; x_wconf 80' lang='lat' dir='ltr'>movit</span> 
     </span>
     <span class='ocr_line' id='line_1_86' title="bbox 1745 3046 2814 3111; baseline -0.005 -12"><span class='ocrx_word' id='word_1_473' title='bbox 1745 3050 1996 3111; x_wconf 80' lang='lat' dir='ltr'>lacertos,</span> <span class='ocrx_word' id='word_1_474' title='bbox 2034 3062 2176 3098; x_wconf 89' lang='lat' dir='ltr'>nuuc</span> <span class='ocrx_word' id='word_1_475' title='bbox 2217 3047 2311 3097; x_wconf 86' lang='lat' dir='ltr'>sub</span> <span class='ocrx_word' id='word_1_476' title='bbox 2355 3046 2630 3100; x_wconf 83' lang='lat' dir='ltr'>Hsdriano</span> <span class='ocrx_word' id='word_1_477' title='bbox 2673 3048 2814 3097; x_wconf 76' lang='lat' dir='ltr'>revi-</span> 
     </span>
     <span class='ocr_line' id='line_1_87' title="bbox 1747 3122 2817 3189; baseline -0.001 -13"><span class='ocrx_word' id='word_1_478' title='bbox 1747 3124 1924 3176; x_wconf 86' lang='lat' dir='ltr'>rescit.</span> <span class='ocrx_word' id='word_1_479' title='bbox 2006 3123 2262 3189; x_wconf 77' lang='lat' dir='ltr'>Msjorem</span> <span class='ocrx_word' id='word_1_480' title='bbox 2304 3124 2406 3175; x_wconf 86' lang='lat' dir='ltr'>vim</span> <span class='ocrx_word' id='word_1_481' title='bbox 2454 3122 2520 3174; x_wconf 85' lang='lat' dir='ltr'>sd</span> <span class='ocrx_word' id='word_1_482' title='bbox 2565 3124 2817 3178; x_wconf 79' lang='lat' dir='ltr'>tuendam</span> 
     </span>
     <span class='ocr_line' id='line_1_88' title="bbox 1743 3202 2816 3267; baseline 0.001 -15"><span class='ocrx_word' id='word_1_483' title='bbox 1743 3202 2056 3265; x_wconf 83' lang='lat' dir='ltr'>scripturam</span> <span class='ocrx_word' id='word_1_484' title='bbox 2077 3202 2342 3267; x_wconf 76' lang='lat' dir='ltr'>vulgatam</span> <span class='ocrx_word' id='word_1_485' title='bbox 2369 3202 2528 3253; x_wconf 80' lang='lat' dir='ltr'>habet</span> <span class='ocrx_word' id='word_1_486' title='bbox 2545 3216 2816 3265; x_wconf 73' lang='lat' dir='ltr'>argumen-</span> 
     </span>
     <span class='ocr_line' id='line_1_89' title="bbox 1745 3278 2810 3342; baseline 0 -13"><span class='ocrx_word' id='word_1_487' title='bbox 1745 3284 1857 3329; x_wconf 82' lang='lat' dir='ltr'>tum</span> <span class='ocrx_word' id='word_1_488' title='bbox 1879 3278 2234 3341; x_wconf 80' lang='lat' dir='ltr'>Freinshemii‚</span> <span class='ocrx_word' id='word_1_489' title='bbox 2259 3278 2486 3342; x_wconf 85' lang='lat' dir='ltr'>Florum,</span> <span class='ocrx_word' id='word_1_490' title='bbox 2507 3278 2551 3329; x_wconf 91' lang='lat' dir='ltr'>si</span> <span class='ocrx_word' id='word_1_491' title='bbox 2585 3278 2810 3329; x_wconf 81' lang='lat' dir='ltr'>Hadria-</span> 
     </span>
     <span class='ocr_line' id='line_1_90' title="bbox 1747 3354 2832 3419; baseline -0.001 -14"><span class='ocrx_word' id='word_1_492' title='bbox 1747 3370 1816 3405; x_wconf 87' lang='lat' dir='ltr'>no</span> <span class='ocrx_word' id='word_1_493' title='bbox 1835 3356 2122 3419; x_wconf 84' lang='lat' dir='ltr'>imperante</span> <span class='ocrx_word' id='word_1_494' title='bbox 2157 3355 2472 3419; x_wconf 84' lang='lat' dir='ltr'>scripsisset,</span> <span class='ocrx_word' id='word_1_495' title='bbox 2503 3369 2608 3405; x_wconf 89' lang='lat' dir='ltr'>non</span> <span class='ocrx_word' id='word_1_496' title='bbox 2640 3354 2832 3406; x_wconf 79' lang='lat' dir='ltr'>videri·</span> 
     </span>
     <span class='ocr_line' id='line_1_91' title="bbox 1746 3430 2809 3492; baseline -0.001 -10"><span class='ocrx_word' id='word_1_497' title='bbox 1746 3432 2048 3483; x_wconf 81' lang='lat' dir='ltr'>omissurum</span> <span class='ocrx_word' id='word_1_498' title='bbox 2087 3430 2251 3482; x_wconf 79' lang='lat' dir='ltr'>fnisse</span> <span class='ocrx_word' id='word_1_499' title='bbox 2291 3432 2428 3483; x_wconf 91' lang='lat' dir='ltr'>illius</span> <span class='ocrx_word' id='word_1_500' title='bbox 2463 3431 2809 3492; x_wconf 80' lang='lat' dir='ltr'>mentionem3</span> 
     </span>
     <span class='ocr_line' id='line_1_92' title="bbox 1747 3506 2814 3574; baseline -0.004 -14"><span class='ocrx_word' id='word_1_501' title='bbox 1747 3507 1886 3574; x_wconf 83' lang='lat' dir='ltr'>quod</span> <span class='ocrx_word' id='word_1_502' title='bbox 1922 3507 2155 3571; x_wconf 86' lang='lat' dir='ltr'>pluribus</span> <span class='ocrx_word' id='word_1_503' title='bbox 2195 3515 2348 3571; x_wconf 77' lang='lat' dir='ltr'>urget</span> <span class='ocrx_word' id='word_1_504' title='bbox 2389 3508 2670 3571; x_wconf 74' lang='lat' dir='ltr'>Repertus.</span> <span class='ocrx_word' id='word_1_505' title='bbox 2737 3506 2814 3557; x_wconf 77' lang='lat' dir='ltr'>Et</span> 
     </span>
     <span class='ocr_line' id='line_1_93' title="bbox 1748 3582 2812 3634; baseline -0.002 -1"><span class='ocrx_word' id='word_1_506' title='bbox 1748 3584 1803 3634; x_wconf 88' lang='lat' dir='ltr'>in</span> <span class='ocrx_word' id='word_1_507' title='bbox 1835 3582 2195 3634; x_wconf 76' lang='lat' dir='ltr'>essenteutis</span> <span class='ocrx_word' id='word_1_508' title='bbox 2229 3588 2346 3632; x_wconf 83' lang='lat' dir='ltr'>erat</span> <span class='ocrx_word' id='word_1_509' title='bbox 2379 3582 2540 3633; x_wconf 81' lang='lat' dir='ltr'>etism</span> <span class='ocrx_word' id='word_1_510' title='bbox 2576 3582 2648 3632; x_wconf 88' lang='lat' dir='ltr'>Is.</span> <span class='ocrx_word' id='word_1_511' title='bbox 2681 3582 2812 3631; x_wconf 79' lang='lat' dir='ltr'>Vos-</span> 
     </span>
     <span class='ocr_line' id='line_1_94' title="bbox 1749 3657 2814 3723; baseline -0.002 -14"><span class='ocrx_word' id='word_1_512' title='bbox 1749 3659 1876 3723; x_wconf 86' lang='lat' dir='ltr'>sius,</span> <span class='ocrx_word' id='word_1_513' title='bbox 1905 3658 2090 3723; x_wconf 80' lang='lat' dir='ltr'>quiite</span> <span class='ocrx_word' id='word_1_514' title='bbox 2110 3657 2492 3709; x_wconf 57' lang='lat' dir='ltr'>adnotaveram</span> <span class='ocrx_word' id='word_1_515' title='bbox 2526 3659 2543 3686; x_wconf 78' lang='lat'><strong>⁴</strong></span> <span class='ocrx_word' id='word_1_516' title='bbox 2569 3657 2814 3721; x_wconf 85' lang='lat' dir='ltr'>Optimus</span> 
     </span>
     <span class='ocr_line' id='line_1_95' title="bbox 1749 3730 2814 3797; baseline -0.001 -13"><span class='ocrx_word' id='word_1_517' title='bbox 1749 3734 1853 3784; x_wconf 84' lang='lat' dir='ltr'>Ms.</span> <span class='ocrx_word' id='word_1_518' title='bbox 1867 3737 2042 3795; x_wconf 72' lang='lat' dir='ltr'>moves,</span> <span class='ocrx_word' id='word_1_519' title='bbox 2053 3740 2110 3783; x_wconf 89' lang='lat' dir='ltr'>et</span> <span class='ocrx_word' id='word_1_520' title='bbox 2125 3732 2359 3797; x_wconf 87' lang='lat' dir='ltr'>sequitur</span> <span class='ocrx_word' id='word_1_521' title='bbox 2372 3732 2634 3784; x_wconf 73' lang='lat' dir='ltr'>revirescit.</span> <span class='ocrx_word' id='word_1_522' title='bbox 2659 3730 2814 3783; x_wconf 86' lang='lat' dir='ltr'>Unde</span> 
     </span>
     <span class='ocr_line' id='line_1_96' title="bbox 1749 3806 2816 3874; baseline 0 -15"><span class='ocrx_word' id='word_1_523' title='bbox 1749 3806 2080 3859; x_wconf 85' lang='lat' dir='ltr'>manifestum</span> <span class='ocrx_word' id='word_1_524' title='bbox 2119 3806 2216 3859; x_wconf 84' lang='lat' dir='ltr'>sub</span> <span class='ocrx_word' id='word_1_525' title='bbox 2249 3808 2474 3872; x_wconf 58' lang='lat' dir='ltr'>Traiano</span> <span class='ocrx_word' id='word_1_526' title='bbox 2509 3807 2816 3874; x_wconf 69' lang='lat' dir='ltr'>scripsisse:</span> 
     </span>
     <span class='ocr_line' id='line_1_97' title="bbox 1749 3884 2817 3951; baseline -0.001 -15"><span class='ocrx_word' id='word_1_527' title='bbox 1749 3884 1939 3951; x_wconf 82' lang='lat' dir='ltr'>Itaque</span> <span class='ocrx_word' id='word_1_528' title='bbox 1975 3899 2079 3935; x_wconf 83' lang='lat' dir='ltr'>non</span> <span class='ocrx_word' id='word_1_529' title='bbox 2133 3889 2277 3934; x_wconf 89' lang='lat' dir='ltr'>muto</span> <span class='ocrx_word' id='word_1_530' title='bbox 2327 3885 2613 3949; x_wconf 75' lang='lat' dir='ltr'>vulgatam,</span> <span class='ocrx_word' id='word_1_531' title='bbox 2657 3898 2817 3950; x_wconf 81' lang='lat' dir='ltr'>qnam</span> 
     </span>
     <span class='ocr_line' id='line_1_98' title="bbox 1750 3960 2813 4027; baseline 0 -14"><span class='ocrx_word' id='word_1_532' title='bbox 1750 3975 2028 4013; x_wconf 79' lang='lat' dir='ltr'>consensus</span> <span class='ocrx_word' id='word_1_533' title='bbox 2065 3961 2280 4012; x_wconf 85' lang='lat' dir='ltr'>aliorum</span> <span class='ocrx_word' id='word_1_534' title='bbox 2313 3960 2439 4012; x_wconf 82' lang='lat' dir='ltr'>Mss.</span> <span class='ocrx_word' id='word_1_535' title='bbox 2463 3969 2813 4027; x_wconf 64' lang='lat' dir='ltr'>praterqnsm</span> 
     </span>
     <span class='ocr_line' id='line_1_99' title="bbox 1752 4037 2818 4102; baseline 0.001 -15"><span class='ocrx_word' id='word_1_536' title='bbox 1752 4037 1902 4087; x_wconf 81' lang='lat' dir='ltr'>Voss.</span> <span class='ocrx_word' id='word_1_537' title='bbox 1924 4040 1973 4087; x_wconf 71' lang='lat'>8.</span> <span class='ocrx_word' id='word_1_538' title='bbox 2007 4037 2096 4101; x_wconf 89' lang='lat' dir='ltr'>qui</span> <span class='ocrx_word' id='word_1_539' title='bbox 2123 4050 2242 4087; x_wconf 83' lang='lat' dir='ltr'>cum</span> <span class='ocrx_word' id='word_1_540' title='bbox 2281 4038 2418 4089; x_wconf 83' lang='lat' dir='ltr'>Nas.</span> <span class='ocrx_word' id='word_1_541' title='bbox 2449 4037 2736 4102; x_wconf 78' lang='lat' dir='ltr'>conspiret,</span> <span class='ocrx_word' id='word_1_542' title='bbox 2756 4044 2818 4088; x_wconf 86' lang='lat' dir='ltr'>et</span> 
     </span>
     <span class='ocr_line' id='line_1_100' title="bbox 1752 4112 2816 4178; baseline 0.002 -15"><span class='ocrx_word' id='word_1_543' title='bbox 1752 4113 1900 4163; x_wconf 79' lang='lat' dir='ltr'>Vett.</span> <span class='ocrx_word' id='word_1_544' title='bbox 1935 4113 2072 4163; x_wconf 79' lang='lat' dir='ltr'>Edd.</span> <span class='ocrx_word' id='word_1_545' title='bbox 2107 4118 2302 4163; x_wconf 89' lang='lat' dir='ltr'>tuetur.</span> <span class='ocrx_word' id='word_1_546' title='bbox 2366 4112 2563 4163; x_wconf 79' lang='lat' dir='ltr'>Verum</span> <span class='ocrx_word' id='word_1_547' title='bbox 2603 4112 2816 4178; x_wconf 83' lang='lat' dir='ltr'>quidem</span> 
     </span>
     <span class='ocr_line' id='line_1_101' title="bbox 1753 4188 2818 4254; baseline 0.002 -15"><span class='ocrx_word' id='word_1_548' title='bbox 1753 4194 1854 4252; x_wconf 87' lang='lat' dir='ltr'>est,</span> <span class='ocrx_word' id='word_1_549' title='bbox 1873 4188 2012 4254; x_wconf 90' lang='lat' dir='ltr'>quod</span> <span class='ocrx_word' id='word_1_550' title='bbox 2047 4188 2175 4241; x_wconf 88' lang='lat' dir='ltr'>dicit</span> <span class='ocrx_word' id='word_1_551' title='bbox 2211 4188 2510 4253; x_wconf 71' lang='lat' dir='ltr'>Salmasius,</span> <span class='ocrx_word' id='word_1_552' title='bbox 2541 4188 2818 4241; x_wconf 77' lang='lat' dir='ltr'>terminum</span> 
     </span>
    </p>
   </div>
   <div class='ocr_carea' id='block_1_8' title="bbox 1753 4262 2812 4331">
    <p class='ocr_par' dir='ltr' id='par_1_9' title="bbox 1753 4262 2812 4331">
     <span class='ocr_line' id='line_1_102' title="bbox 1753 4262 2812 4331; baseline 0 -12"><span class='ocrx_word' id='word_1_553' title='bbox 1753 4269 1868 4321; x_wconf 77' lang='lat'>20⁰.</span> <span class='ocrx_word' id='word_1_554' title='bbox 1881 4279 2128 4322; x_wconf 81' lang='lat' dir='ltr'>annorum</span> <span class='ocrx_word' id='word_1_555' title='bbox 2145 4270 2265 4331; x_wconf 83' lang='lat' dir='ltr'>post</span> <span class='ocrx_word' id='word_1_556' title='bbox 2283 4262 2572 4330; x_wconf 71' lang='lat' dir='ltr'>Augustum</span> <span class='ocrx_word' id='word_1_557' title='bbox 2586 4272 2644 4317; x_wconf 87' lang='lat' dir='ltr'>et</span> <span class='ocrx_word' id='word_1_558' title='bbox 2660 4262 2730 4319; x_wconf 76' lang='lat' dir='ltr'>A.</span> <span class='ocrx_word' id='word_1_559' title='bbox 2746 4265 2812 4319; x_wconf 83' lang='lat' dir='ltr'>U.</span> 
     </span>
    </p>
   </div>
  </div>
 </body>
</html>
