3234 4909
915 502 980 549 ι..
1028 502 1282 550 ANNAEn
1335 501 1554 549 nom
1607 500 1750 548 me.
1800 500 1877 547 u.
1922 500 2082 549 cap.
2126 488 2191 549 2.
2278 512 2287 523 ·

463 644 690 695 lectione
727 638 842 694 esse
881 650 1050 708 putat.
1114 643 1212 693 Vir
1244 642 1428 692 doctus
1471 642 1522 692 ln

465 720 593 771 Obs.
617 719 770 769 Misc.
801 722 934 770 Vol.
958 734 1046 771 m.
1073 735 1123 783 p.
1147 723 1261 770 134.

441 836 450 849 .
529 797 575 858 §.
594 800 656 846 14
676 797 750 846 Ac
767 796 860 859 sic]
895 796 1152 846 Videntur
1172 809 1290 845 esse
1307 809 1338 844 a
1355 796 1522 859 glossa

467 872 547 921 lue
573 874 690 923 dut
708 888 881 923 voces.
919 875 1007 923 Fr.

529 948 802 1013 Snpersnit]
837 948 1024 1013 kAgell.
1048 951 1100 1009 8,
1127 951 1176 996 7.
1199 962 1266 997 ex
1288 948 1525 1010 Catone;

462 1024 479 1050 ⁴
502 1024 636 1073 Eum
653 1024 791 1073 inter
812 1031 1041 1072 mortuos
1053 1021 1396 1087 defatigatum
1415 1022 1522 1070 vul·

463 1099 672 1148 neribus
704 1106 862 1163 atque
894 1098 1198 1161 spirantem,
1226 1095 1364 1161 qued
1406 1110 1522 1145 san-

463 1187 601 1237 guen
660 1172 971 1235 defluxerat,
1023 1185 1350 1234 cognovere3
1404 1186 1524 1221 eum

460 1250 737 1311 sustulere,
771 1249 920 1312 isque
953 1248 1238 1309 convaluit,
1275 1260 1524 1313 sepeque

465 1325 742 1389 postillam
761 1338 968 1388 operam
983 1322 1138 1385 Reip.
1156 1318 1346 1371 fortem
1369 1327 1524 1387 atque

445 1410 728 1449 -strenuam
749 1398 1044 1463 perhibuit!
1097 1397 1200 1447 Ubi
1223 1404 1412 1459 tamen,
1429 1410 1524 1460 pro

459 1482 570 1541 post
605 1476 759 1537 illam,
781 1472 1168 1525 rescribendum
1205 1479 1403 1536 putem,
1419 1475 1526 1535 post

463 1552 568 1613 illu,
586 1551 682 1600 hoe
701 1556 799 1612 est,
819 1554 1034 1613 postea3
1069 1548 1167 1597 nisi
1191 1548 1304 1611 quis
1324 1547 1402 1596 ita
1421 1557 1525 1596 ms·

467 1627 560 1687 lit3
597 1639 803 1688 sepeque
838 1629 942 1688 post
967 1624 1100 1673 illam
1133 1636 1340 1686 operam,
1359 1624 1440 1684 ξε.
1465 1627 1526 1672 ut

464 1701 535 1752 sit
576 1714 786 1749 sensus:
823 1698 1151 1749 ExhibuIsse
1193 1712 1334 1761 saepe
1377 1698 1524 1762 Reip.

447 1777 648 1827 -utilem
669 1788 904 1839 operam,
924 1782 1040 1839 post
1062 1773 1222 1837 illam,
1249 1788 1436 1837 nempe
1459 1772 1526 1823 de

449 1868 567 1918 qua
587 1867 757 1902 sermo
790 1858 922 1901 erat.
957 1852 1032 1901 [a.
1095 1850 1347 1915 Supersuit
1385 1855 1434 1901 et
1454 1866 1528 1899 sa-

459 1928 700 1993 per-vixit]
753 1927 1084 1979 Alterutrum
1109 1926 1401 1977 redundare
1423 1940 1528 1977 me-

467 2006 570 2055 rito
590 2010 770 2054 censet
788 2004 858 2053 N.
881 2002 1066 2053 Heius.
1106 2010 1163 2052 et
1196 2001 1336 2051 forte
1368 2016 1528 2065 saper·

457 2080 569 2139 suit
599 2078 937 2129 eradendum.
1003 2076 1146 2127 Dein
1181 2078 1317 2127 idem
1355 2079 1450 2128 Vir
1471 2079 1530 2127 il·

469 2156 646 2205 lustris
683 2169 786 2203 nou
834 2155 988 2215 longe
1025 2159 1146 2215 post
1203 2152 1528 2202 scribendum

470 2237 652 2281 censet
688 2234 902 2292 serpente
935 2230 1082 2278 latius
1105 2228 1222 2277 bello
1255 2228 1530 2279 sordentum

467 2308 600 2371 sique
619 2321 856 2356 canaam
895 2305 1136 2355 Corsicam
1152 2296 1361 2355 invdstn
1411 2306 1530 2369 quis

469 2384 526 2433 τὸ
547 2388 599 2435 in
620 2400 724 2435 non
745 2391 894 2435 extet
917 2384 968 2434 in
991 2383 1174 2434 codice
1196 2383 1418 2433 omnium
1439 2396 1528 2447 op·

469 2462 598 2511 tlmo
634 2461 766 2511 Νη.
805 2460 968 2509 Groev.
1034 2459 1194 2522 Lipsii
1232 2458 1437 2509 auditor
1474 2459 1529 2507 in

471 2536 618 2587 Edit.
683 2536 913 2585 Plautia.
949 2536 1338 2585 caucellaverat
1367 2550 1531 2598 saper·

469 2611 614 2662 uixit.
678 2609 742 2659 ln
785 2610 956 2661 Gellio
987 2610 1102 2672 jam
1145 2616 1268 2659 ante
1315 2608 1390 2659 H.
1415 2610 1530 2659 Ste-

471 2690 670 2753 phanus
690 2686 926 2735 ediderat
953 2685 1180 2748 postilla.
1245 2684 1366 2734 Hoc
1399 2684 1529 2735 adeo

471 2778 576 2813 non
618 2763 825 2826 impune
871 2760 1132 2825 ignoravit
1191 2760 1416 2825 optimus
1466 2776 1529 2810 ae

471 2838 800 2888 doctissimus
819 2836 1217 2898 Freinshemius,
1237 2844 1296 2885 ut
1329 2835 1425 2886 Vir
1445 2850 1530 2885 ee·

471 2914 664 2973 leherr.
685 2915 805 2967 διο.
845 2914 1074 2965 Gronov.
1115 2912 1214 2962 sibi
1238 2919 1530 2975 temperare

473 3006 577 3043 non
603 2990 850 3055 potuerit,
871 3003 972 3052 quo
989 2986 1240 3038 minusad
1261 2987 1401 3037 Gell.
1423 2988 1458 3037 1.
1475 2987 1528 3036 d.

473 3081 650 3117 curam
689 3066 800 3129 ejus
837 3078 1022 3114 vanam
1065 3071 1292 3123 voearet,
1330 3070 1404 3112 et.
1429 3076 1528 3111 non

471 3146 580 3193 sine
608 3143 960 3209 indignatione
997 3143 1348 3201 exclamaret3
1379 3140 1395 3166 ‘
1413 3140 1531 3190 Hoc

471 3220 674 3269 scilicet
711 3219 1021 3281 ignorabant
1058 3218 1132 3266 illi
1157 3230 1398 3281 proceres
1417 3217 1532 3265 lite·

473 3308 664 3357 rarum,
682 3296 773 3359 qui
810 3294 962 3344 Anno
984 3296 1128 3343 1682.
1165 3308 1330 3341 avum
1365 3292 1530 3356 agita-

474 3370 639 3421 bant!
703 3370 808 3419 Sed
833 3382 1033 3433 possem
1060 3366 1316 3431 profecto,
1338 3368 1383 3416 si
1401 3382 1532 3429 opus

471 3454 631 3510 esset,
646 3461 748 3496 non
768 3457 960 3509 paucos
975 3456 1298 3503 enumerare,
1313 3442 1400 3505 qui
1417 3455 1534 3491 suas

473 3522 864 3575 emendationes
885 3519 968 3569 vel
991 3519 1060 3569 ab
1082 3518 1196 3567 aliis
1222 3523 1532 3581 praeceptas,

477 3601 562 3649 vel
581 3597 776 3649 dudum
805 3598 860 3646 in
897 3594 1113 3644 vetustis
1147 3592 1533 3656 exemplaribus

463 3677 638 3726 ‘lectas
677 3672 830 3722 fuisse
871 3670 1221 3729 nesciverunt,
1262 3676 1320 3719 et
1361 3676 1534 3718 nmen

474 3751 661 3801 merito
709 3749 847 3798 inter
902 3746 1164 3809 principes
1211 3744 1534 3795 literatorum

476 3842 584 3878 suae
631 3824 806 3875 aetatis
846 3820 1007 3871 habiti
1051 3827 1192 3884 sunt,
1233 3828 1290 3870 et
1331 3836 1535 3887 semper

475 3903 815 3953 habebuntur.
883 3898 992 3947 Hoc
1018 3898 1100 3946 ino
1131 3896 1364 3947 illustrior
1381 3902 1538 3946 meter

479 3982 609 4044 Reg.
652 3980 718 4030 Q.
781 3976 890 4026 Hoc
927 3974 1160 4024 illustrior
1199 3975 1384 4023 videtur
1417 3977 1538 4036 qnod

479 4056 649 4119 Ryck.
689 4057 846 4105 Forte
866 4043 954 4113 ἶν’-’ς
971 4055 1114 4106 uncle
1130 4056 1320 4106 deinde
1340 4047 1416 4119 ἲν,
1442 4067 1537 4117 pro

479 4132 683 4194 videtur,
705 4132 827 4181 oriri
848 4130 1038 4195 potuit.

467 4232 476 4239 ·
545 4210 682 4259 Licet
713 4208 834 4257 nihil
863 4208 1106 4271 scripserit
1125 4206 1376 4270 snguine]
1410 4206 1538 4257 Hal·

477 4285 733 4335 lueiuatio
763 4284 924 4347 Flori,
944 4284 1029 4350 qui
1065 4282 1311 4333 Leonida
1346 4283 1538 4345 impru-

479 4362 608 4412 dens
626 4359 868 4412 attribuit
908 4359 1046 4425 quod
1085 4363 1198 4409 erat
1235 4357 1536 4424 Othryadis.

2522 481 2657 544 613

1599 642 1743 692 Nihil
1768 642 1905 692 enim
1940 642 2189 706 sanguiue
2228 640 2439 703 scripsit
2474 639 2660 689 Le0nl-

1489 732 1498 741 ’
1596 722 1711 783 des,
1734 720 1879 784 eujus
1902 719 2084 769 saltem
2126 726 2293 768 restet
2321 717 2572 767 memoria
2604 717 2658 765 in

1595 801 1831 845 veterum
1869 794 2102 857 scriptis.
2180 793 2281 844 Sed
2322 792 2387 842 ab
2424 792 2658 844 omnibus

1595 870 1651 920 id
1674 872 1740 921 de
1778 870 2050 934 Othryade
2089 870 2367 933 proditum,
2388 868 2571 918 Poetis
2600 876 2659 918 et

1593 945 1926 1011 πεζσγρόφω.
1979 946 2303 1008 Authologiae
2326 944 2518 994 tertio:
2550 943 2662 1008 Ἀρ·

1596 1040 1700 1073 σενι
1748 1025 1788 1072 δ’
1838 1020 2087 1085 Ὀθρυάδου
2136 1021 2263 1084 φόνῳ
2314 1018 2661 1080 κεκαλυμμένον

1596 1097 1747 1147 ὅπλον
1785 1095 2041 1160 Kaphereus,
2074 1095 2212 1161 &epla
2252 1098 2341 1145 zoi>
2378 1098 2659 1156 Δακεδαιμο-

1597 1174 1723 1225 νίων.
1793 1174 1941 1224 Idem
1964 1175 2015 1222 iu
2038 1174 2153 1223 aliis
2177 1174 2558 1236 epigrammatis
2589 1174 2661 1221 le·

1599 1251 1785 1315 gimus.
1822 1250 1957 1299 Licet
1968 1249 2399 1310 nihilium-ipsene
2414 1249 2662 1309 nmine,

1599 1328 1858 1391 scriptura
1904 1332 1983 1375 est
2026 1326 2178 1376 Jord.
2236 1324 2401 1375 Codd.
2491 1325 2661 1387 Vulgo

1596 1404 1843 1465 scripserit
1877 1403 1927 1450 in
1959 1402 2113 1451 Floro
2152 1402 2364 1464 iegitur,
2386 1407 2444 1450 ut
2477 1401 2663 1450 Florus

1599 1479 1829 1541 scripsit.
1876 1476 2028 1525 Salui.
2090 1476 2227 1525 Licet
2260 1475 2383 1525 nihil
2416 1476 2665 1539 scripserit

1597 1553 1848 1617 angitiae]
1882 1554 2093 1603 Camers
2139 1560 2195 1603 et
2220 1552 2430 1602 stadius
2473 1558 2665 1616 putant

1599 1630 1842 1681 beenidae
1878 1630 2056 1690 tribui,
2075 1628 2212 1694 qued
2237 1627 2523 1692 Othryadis
2545 1641 2667 1691 pro·

1599 1707 1769 1769 prium
1821 1713 1951 1757 erat.
2008 1707 2157 1757 Grae.
2259 1705 2341 1754 De
2388 1703 2663 1768 Othryade

1585 1781 1909 1832 Pausaniam
1947 1781 2065 1831 vide
2104 1786 2216 1844 167,
2237 1786 2319 1831 10.
2378 1780 2549 1831 Aliter
2573 1794 2662 1844 ap.

1597 1859 1722 1909 Seu.
1764 1860 1972 1909 Consul.
2014 1859 2080 1908 ad
2116 1858 2373 1908 Marciam
2420 1862 2469 1921 1,
2518 1863 2568 1919 1,
2606 1861 2658 1907 4.

1598 1936 1616 1965 ⁶
1640 1936 1841 1985 Cordus
1870 1935 2029 1984 libros
2064 1949 2183 1984 suos
2222 1934 2469 1997 sanguine
2503 1934 2665 1997 scrip·

1602 2012 1703 2061 sit?
1768 2012 1859 2061 Me
1886 2011 2025 2076 quod
2048 2012 2260 2073 attinet,
2292 2024 2551 2075 nunquam
2576 2010 2666 2059 atl-

1602 2086 1726 2136 duci
1746 2099 1973 2149 possum,
1992 2092 2050 2135 ut
2083 2086 2288 2135 credam
2322 2084 2389 2133 ab
2424 2084 2663 2134 Auctore

1587 2160 1782 2224 potins
1816 2173 1925 2210 esse
1956 2170 2179 2225 quatuor
2199 2160 2290 2208 illa
2310 2160 2489 2221 verba,
2510 2174 2667 2224 quam

1601 2238 1668 2286 ab
1704 2236 1899 2286 insulso
1932 2237 2236 2301 glossatore.
2304 2234 2503 2285 Demus
2526 2236 2665 2285 enim

1587 2313 1836 2377 potuisse·
1868 2326 2045 2361 errare
2088 2312 2141 2361 in
2182 2312 2395 2361 historia
2437 2312 2666 2375 Florum,

1603 2388 1785 2438 demus
1804 2388 1959 2437 etiam
1981 2389 2221 2450 voluisse,
2242 2394 2301 2437 ut
2328 2402 2488 2452 supra
2510 2392 2558 2451 1,
2581 2392 2666 2451 10,

1602 2468 1652 2514 8.
1686 2464 2063 2515 ubi'Aruntern
2096 2464 2435 2529 Tarquinium
2457 2464 2669 2514 videtur

1603 2539 1895 2589 adulterum
1920 2540 2113 2604 facere,
2146 2549 2203 2589 ut
2242 2542 2423 2590 melius
2446 2541 2667 2607 quadret

1589 2616 1779 2666 istud:
1814 2618 1831 2647 ⁸
1852 2618 1997 2681 quasi
2032 2616 2325 2667 adulterum
2369 2617 2433 2667 ad
2470 2612 2665 2666 inferos

1603 2694 2110 2757 usque‘sequeretur
2131 2692 2164 2753 ς’
2216 2699 2272 2742 at
2311 2693 2492 2756 largiri
2534 2706 2666 2741 nun-

1602 2782 1758 2833 quam
1779 2775 1983 2832 potero,
2016 2768 2150 2817 adeo
2182 2768 2423 2817 insulsam
2458 2775 2668 2818 senten·

1605 2847 1729 2894 tiam
1769 2843 2311 2908 fuisse'subjecturum
2333 2860 2346 2892 ε
2398 2845 2667 2908 egregium

1601 2920 1740 2969 enim
1762 2934 1976 2969 acumen
1999 2920 2123 2971 illud
2146 2926 2203 2970 et
2216 2920 2425 2983 dignum
2452 2928 2669 2984 propter

1605 2996 1745 3060 quod
1770 3003 2001 3045 mutetur
2022 2998 2074 3045 iu
2095 2996 2311 3047 historia
2332 2996 2542 3061 aliquid,
2557 2998 2669 3047 licet

1553 3132 1558 3139 .
1603 3071 1727 3119 nihil
1760 3072 2005 3135 scripserit
2052 3072 2321 3134 sunguine!
2374 3073 2522 3138 quasi
2565 3074 2666 3122 hoe

1604 3162 1793 3197 novum
1834 3154 1970 3197 esset
2018 3155 2110 3197 aut
2148 3148 2395 3212 insolens,
2437 3150 2671 3213 supervi-

1605 3236 1730 3272 vere
1751 3224 2077 3287 expeditioni
2113 3224 2389 3285 hominem,
2426 3226 2515 3288 qui
2552 3240 2670 3275 san-

1606 3300 1763 3363 guine
1784 3301 1909 3350 nihil
1931 3300 2216 3364 scripserit.
2254 3298 2473 3350 Freinsh.
2540 3302 2671 3350 Pro-

1609 3375 1701 3423 bat
1722 3378 2033 3425 sententiam
2058 3375 2309 3433 salmasii,
2326 3376 2597 3437 Camertis,
2615 3382 2671 3425 et

1603 3448 1775 3497 Stadii
1796 3450 2034 3498 Graevius
2065 3450 2119 3497 in
2150 3447 2489 3512 Prae'fatione,
2508 3457 2669 3514 atque

1605 3523 1815 3587 insuper
1848 3522 2017 3587 addit,
2060 3525 2353 3586 importune
2384 3524 2468 3574 hie
2505 3525 2667 3575 incul-

1605 3600 1717 3649 cari
1762 3598 2066 3659 Leonidam,
2118 3607 2173 3647 et
2225 3600 2385 3649 stulte
2422 3616 2538 3650 cum
2578 3602 2671 3651 illo

1607 3672 1839 3723 conferri
1861 3675 2195 3737 Calpurnium
2214 3676 2509 3727 Flammam.
2562 3678 2668 3727 Sed

1605 3750 1704 3800 hoe
1724 3763 1927 3815 quoque
1958 3748 2055 3799 sibi
2084 3750 2463 3801 defendendum
2498 3766 2669 3803 susce·

1606 3826 1692 3889 pit
1724 3840 1939 3889 magnus
1976 3826 2065 3876 ille
2096 3828 2237 3876 Flori
2273 3828 2528 3877 Patronus
2565 3829 2668 3877 Be·

1609 3913 1782 3964 geras,
1798 3909 1855 3952 et
1896 3902 1973 3953 ita
2008 3901 2235 3968 quidem,
2266 3908 2327 3951 ut
2368 3915 2473 3950 non
2504 3904 2667 3953 solum

1611 3977 1821 4027 Florum
1854 3978 1921 4027 ab
1958 3978 2095 4028 omni
2132 3978 2287 4040 eulpa
2324 3977 2540 4040 eximat,
2574 3978 2669 4028 sed

1609 4066 1727 4101 eam
1764 4066 1968 4103 omnem
1998 4052 2051 4101 in
2088 4052 2490 4115 reprehensores
2526 4052 2668 4102 illius

1612 4127 1869 4179 conferat.
1922 4130 1938 4157 ‘
1962 4126 2229 4191 Emoriar,'
2266 4129 2451 4193 inquit,
2480 4132 2497 4157 ‘
2521 4127 2564 4177 si
2594 4127 2672 4177 lo-

1609 4222 1727 4257 cum
1747 4204 2005 4257 intellexit
2026 4203 2303 4255 Gravius?
2339 4202 2512 4268 Adde,
2532 4206 2673 4271 quod

1611 4296 1947 4348 consequens·
1974 4287 2077 4345 est,
2114 4288 2171 4331 et
2218 4286 2339 4332 ante
2382 4280 2669 4344 Graevium,

1611 4359 1841 4425 Camers,
1860 4356 2089 4421 stadius,
2120 4356 2279 4409 Sslm.
2312 4363 2367 4408 et
2399 4357 2670 4409 Freinshe-
