3234 4909
549 382 638 450 10
1362 399 1419 449 s.
1465 400 1532 447 c.
1577 399 1931 450 casinus

553 539 764 624 quillo
782 539 998 626 magis
1019 545 1086 606 et
1103 541 1426 626 propitio,
1445 542 1642 626 quasi
1656 540 1973 626 imparem
1996 541 2477 612 sefeteretur‘t·
2522 513 2740 630 Quip-

417 676 430 686 ·
545 661 636 728 pe
664 641 738 706 ni
756 643 790 705 ‘l
833 661 988 708 cum
1015 647 1296 708 coactus
1315 642 1520 708 fuerit
1547 643 1637 708 ad
1664 642 1931 708 illorum
1956 649 2185 710 numm
2214 663 2291 711 se
2320 663 2741 730 componere,

549 764 688 812 non
715 765 911 810 secus
959 765 1044 811 ac
1079 746 1342 829 regulus
1388 745 1663 830 quidam
1700 745 2199 828 stipendiarius.
2286 746 2469 814 Nam
2492 767 2647 812 cum
2674 746 2743 812 in

547 853 760 932 ponto
788 846 1080 925 Euxino,
1110 867 1330 932 quem,
1374 853 1698 930 tanquam
1728 845 1943 912 Maris
1973 846 2440 916 Mediterranei
2468 855 2742 932 partem,

549 969 642 1016 ex
673 945 942 1015 Oceano
971 955 1182 1016 terras
1226 950 1584 1033 irrumpere
1630 955 1916 1028 veteres,
1956 952 2267 1034 quamvis
2292 950 2487 1029 falso,
2518 949 2745 1016 crede·

548 1051 734 1130 bant,
758 1051 1058 1117 lacerata
1085 1058 1270 1116 esset
1307 1049 1719 1116 Mithridatis
1747 1051 2015 1131 classis,
2046 1052 2315 1138 subjicit
2338 1053 2510 1118 libro
2544 1067 2651 1116 111.
2679 1052 2746 1118 6.

551 1155 574 1186 ⁴
597 1152 812 1218 Plane
841 1153 1036 1238 quasi
1066 1152 1384 1248 Lucullus
1429 1152 1721 1237 quodam
1752 1171 1906 1218 cum
1943 1151 2259 1220 fluctibus
2298 1153 2745 1237 procellisque

545 1254 974 1335 commercio,
1000 1253 1471 1320 debellandum
1497 1255 1859 1320 tradidisse
1882 1273 2105 1338 regem
2130 1257 2343 1322 ventis
2372 1251 2745 1322 videretur!

549 1356 637 1422 In
685 1357 911 1422 Poeta
947 1357 1078 1423 hoc
1134 1361 1321 1422 esset
1368 1355 1764 1435 tolerabile;
1810 1363 1883 1420 et
1910 1357 2031 1422 vix
2080 1357 2372 1442 quidem.
2462 1355 2646 1424 Nam
2672 1367 2745 1425 et

541 1458 698 1526 haeo
753 1458 1114 1543 hyperbole
1158 1459 1434 1524 modum
1465 1458 1757 1522 excedit.
1842 1457 2023 1524 Vere
2066 1460 2237 1524 enim
2281 1467 2504 1527 monet
2534 1460 2748 1540 Quin·

547 1558 824 1624 tilianus
867 1561 939 1624 in
983 1559 1210 1626 Instit.
1240 1559 1426 1625 Orat.
1474 1563 1495 1593 ‘
1526 1558 1860 1639 Quamvis
1905 1561 2125 1626 omnis
2165 1561 2525 1646 hyperbole
2570 1561 2748 1626 ultra

545 1657 768 1739 fidem,
837 1680 972 1728 non
1029 1667 1251 1728 tamen
1325 1682 1477 1728 esse
1543 1662 1748 1726 debet
1822 1661 1990 1726 ultra
2036 1661 2349 1728 modum:
2420 1680 2545 1728 nec
2602 1661 2747 1728 ulla

547 1761 766 1844 mag-is
822 1763 940 1827 via
979 1762 1052 1828 in
1101 1761 1445 1843 κακοζηλίαυ
1487 1761 1659 1829 itur?
1694 1829 1699 1834 ,
1766 1759 1942 1826 Sane
2000 1762 2150 1828 hoec
2196 1763 2421 1830 omnia
2462 1769 2749 1829 ventosa

545 1867 710 1940 sunt
775 1867 846 1928 et
911 1866 1234 1938 enormia,
1311 1864 1544 1948 qualia
1617 1861 1739 1928 illa
1810 1861 2049 1943 Cestii,
2113 1881 2268 1949 quae
2342 1863 2601 1932 Seneca
2656 1864 2746 1930 ri·

549 1960 687 2041 det,
719 1963 998 2046 Suasor.
1027 1981 1077 2030 1.
1124 1970 1145 2000 ‘
1179 1965 1434 2032 Fremit
1459 1964 1803 2041 Oceanus,
1834 1965 2031 2048 quasi
2062 1965 2534 2048 indignaretur,
2564 1965 2745 2048 quod

549 2071 764 2130 terras
844 2067 1333 2152 relinquimus:
1446 2065 1696 2133 Putide
1764 2085 1906 2130 non
1974 2085 2313 2152 nunquam
2384 2065 2749 2134 editionem

550 2172 855 2232 ostentat
925 2183 1002 2234 et
1058 2187 1196 2236 non
1261 2187 1388 2236 suo
1445 2167 1627 2234 loco.
1742 2165 1897 2232 Lib.
1956 2181 2002 2230 1.
2062 2167 2168 2232 17.
2234 2184 2390 2232 cum
2458 2165 2751 2232 dixisset

551 2265 842 2332 Fabium
879 2267 1262 2334 Maximum
1302 2268 1523 2351 captis
1567 2267 2029 2350 superioribus
2062 2267 2251 2352 Jugis
2294 2267 2366 2332 in
2410 2268 2751 2352 subjectos
2890 2345 2897 2352 ⁴

547 2385 676 2434 suo
709 2367 863 2453 jure
905 2369 1315 2447 detonuisse,
1357 2369 1735 2434 subnectit:
1783 2371 1806 2402 ‘
1843 2386 1931 2432 ca
1970 2387 2263 2452 namque
2308 2370 2579 2452 species
2620 2369 2753 2433 fuit

547 2467 751 2534 istius
777 2470 965 2548 belli,
1009 2469 1212 2555 quasi
1241 2469 1312 2534 in
1340 2468 1702 2552 terrigenas
1728 2486 1769 2530 e
1797 2467 1971 2533 coelo
2000 2485 2084 2534 ac
2111 2467 2404 2534 nubibus
2434 2469 2569 2536 tela
2598 2469 2752 2534 mit·

547 2571 880 2651 tacentur:
917 2591 1004 2638 ne
1031 2571 1292 2638 scilicet
1315 2570 1847 2655 praetermitteret
1884 2569 2312 2636 occasionem
2342 2570 2752 2653 gigantoma-

548 2669 772 2738 chiam
799 2672 1206 2738 inculcandi.
1279 2671 1475 2738 Belle
1503 2687 1668 2736 sane
1696 2676 1769 2734 et
1796 2670 2239 2752 tempestive!
2265 2672 2471 2755 quasi
2495 2689 2751 2750 omnes,

547 2773 738 2855 quie
773 2773 928 2839 loco
975 2772 1322 2856 superiore
1353 2772 1677 2855 pugnant,
1723 2768 1860 2834 sint
1886 2767 1933 2834 J
1936 2787 2128 2848 oves,
2170 2776 2241 2836 et
2280 2773 2507 2836 hostes
2534 2771 2607 2837 in
2629 2772 2752 2838 hu·

549 2873 810 2940 miliore
869 2871 1026 2940 solo
1081 2873 1220 2938 sint
1275 2872 1596 2954 gigantes.
1686 2867 1805 2940 Sic
1854 2867 1971 2934 lib.
2002 2884 2087 2934 11.
2132 2871 2202 2936 2.
2246 2871 2331 2938 de
2380 2870 2749 2955 Calpurnio

553 2973 883 3054 Flamma,
927 2973 1044 3060 qui
1085 2973 1174 3040 ab
1217 2971 1538 3038 hostibus
1576 2969 1922 3037 insessum
1966 2969 2211 3038 collem
2248 2979 2646 3057 occuparat,
2688 2979 2755 3040 et

545 3075 698 3160 iam
723 3075 842 3142 diu
871 3075 1274 3142 sustinuerat
1305 3072 1637 3155 impetum
1664 3068 1977 3150 hostium,
2008 3071 2231 3140 donec
2255 3075 2750 3152 omnistransi·

551 3177 728 3246 isset
781 3177 1151 3253 exercitus,
1199 3173 1500 3240 subtexit
1559 3170 2021 3254 ineptissime:
2084 3178 2106 3208 ‘
2146 3173 2265 3240 Sic
2308 3175 2751 3260 pulcherrimo

554 3281 746 3346 exitu
775 3278 1374 3363 Thermopylarum
1415 3281 1486 3340 et
1527 3273 1855 3340 Leonidoe
1886 3273 2133 3340 famam
2166 3275 2581 3360 adaequavit,
2620 3278 2754 3350 boc

549 3379 871 3448 illustrior
909 3383 1164 3455 noster,
1225 3376 1408 3460 quod
1453 3374 1875 3459 expeditioni
1932 3383 2143 3444 tantae
2186 3379 2540 3462 superfuit,
2584 3379 2755 3468 licet

555 3480 722 3548 nihil
751 3480 1096 3563 scripserit
1125 3476 1489 3560 sanguine:
1533 3473 1771 3559 Papae,
1792 3483 2117 3560 quantum
2148 3483 2255 3543 est
2282 3478 2551 3546 doctum
2578 3497 2753 3556 esse,

551 3584 628 3650 et
654 3587 733 3646 ut
759 3580 876 3648 alii
904 3580 974 3645 id
1009 3580 1230 3646 sciant
1269 3583 1593 3644 testatum
1636 3577 1893 3644 tacerel
1982 3577 2181 3646 Unde
2206 3581 2405 3646 nobis
2428 3583 2605 3646 enim
2634 3598 2755 3664 po·

557 3683 794 3750 tuisset
819 3689 1127 3748 constare
1151 3679 1422 3746 Florum
1451 3677 1701 3762 legisse
1720 3677 2117 3746 Graecorum
2137 3680 2476 3761 historias,
2504 3689 2573 3747 et
2600 3681 2755 3748 illas

557 3790 880 3868 tanquam
921 3801 1173 3866 ungues
1215 3797 1380 3846 suos
1423 3779 1751 3858 tenuisse,
1793 3779 1929 3848 nisi
1972 3786 2113 3848 tam
2150 3781 2565 3848 reconditam
2592 3782 2757 3848 doc-

560 3887 804 3952 trinam
845 3883 958 3952 hic
1003 3883 1421 3950 venditasset
1459 3881 1661 3948 nobis
1678 3883 1711 3946 ‘t
1814 3881 1951 3952 Sed
2008 3881 2161 3948 hmo
2204 3884 2560 3950 ostentatio
2598 3882 2757 3950 vide

561 4005 702 4069 quo
747 3986 1060 4054 evaserit.
1153 3983 1320 4052 Non
1369 3983 1588 4052 solum
1629 3985 2005 4067 importune
2044 3984 2156 4052 hic
2212 3985 2589 4052 inculcatus
2628 3983 2759 4050 fuit
2901 4027 2914 4034 -

563 4084 930 4166 Leonidas,
971 4093 1041 4154 et
1067 4086 1272 4152 stulte
1297 4105 1452 4152 cum
1479 4083 1602 4152 illo
1630 4083 1972 4150 confertur
1996 4083 2401 4169 Calpurnius
2430 4083 2755 4164 Flamma,

561 4186 690 4254 sed
735 4191 1072 4272 pueriliter
1113 4187 1580 4276 hallucinatur,
1624 4205 1777 4256 cum
1804 4186 2123 4256 Iseonidae
2161 4187 2411 4268 tribuit,
2456 4206 2611 4276 qum
2654 4185 2756 4274 di·
