3234 4909
579 371 624 438 2
1479 384 1863 434 nris-rom.

580 555 694 602 sus
722 537 1024 612 eruebas,
1055 539 1126 597 et
1144 530 1541 616 explicabas
1565 529 1941 613 perspicue,
1964 533 2036 594 ut
2053 527 2201 614 ejus
2224 547 2494 595 veneres
2520 547 2640 613 per
2664 527 2765 592 Te

579 637 795 702 cuivis
815 635 1014 700 facile
1031 637 1348 718 paterent,
1366 651 1536 716 quas
1557 632 1677 696 vix
1694 631 2095 696 centesimus
2113 632 2399 717 quisque
2422 655 2543 718 per
2562 656 2637 701 se
2656 657 2767 702 sa.

577 737 1008 820 tisintelligit.
1041 733 1320 799 Amabis
1333 734 1583 817 itaque,
1598 733 1867 798 Dnm’n
1880 749 2007 798 mn
2023 733 2177 799 Snn
2187 751 2276 798 nn
2288 751 2562 817 1ssnan,
2586 758 2771 803 ama-

577 842 686 905 bis
728 839 1286 921 elegantissimum
1323 841 1392 901 et
1431 836 1891 903 acutissimum
1921 837 2363 920 Scriptorem3
2404 859 2616 926 neque
2646 860 2768 926 po-

581 943 741 1006 teris
771 939 920 1026 ejus
947 939 1422 1005 sententiarum
1450 938 1664 1004 multa
1701 942 1769 1003 et
1790 938 2105 1022 dignitate
2134 943 2203 1006 et
2222 942 2605 1008 amoenitate
2632 963 2770 1010 non

579 1040 932 1107 admodum
945 1039 1284 1118 delectari,
1303 1057 1458 1104 cum
1468 1039 1816 1123 utriusque
1837 1045 2176 1124 spectator
2194 1040 2461 1124 elegans
2482 1044 2602 1110 sis,
2632 1043 2769 1110 Sed

578 1149 680 1207 est
705 1143 907 1207 etiam
945 1142 1152 1220 aliud,
1179 1144 1251 1207 et
1289 1145 1427 1207 tute
1467 1141 1761 1206 fatebere
1788 1143 2034 1228 maJus‚
2061 1142 2241 1226 quod
2275 1143 2437 1208 mihi
2464 1144 2662 1210 istam
2690 1144 2769 1210 fi-

577 1242 844 1308 duciam
873 1250 1093 1326 auget,
1120 1242 1303 1307 nuda
1328 1242 1586 1307 scilicet
1615 1241 1915 1318 oratoris
1940 1243 2153 1309 nostri
2180 1246 2521 1324 materieS,
2566 1265 2767 1330 quam

573 1345 700 1410 tibi
725 1345 979 1428 egregie
1005 1347 1246 1428 praetcr
1269 1348 1519 1410 caetera
1539 1349 1793 1426 gratam
1820 1344 1963 1410 fore
2000 1349 2249 1410 certum
2278 1351 2415 1412 est:
2458 1345 2640 1426 Tibi,
2670 1347 2770 1411 in-

576 1464 801 1531 quam,
831 1465 1028 1530 quem
1060 1441 1176 1510 Dii
1204 1443 1502 1510 faventes
1529 1443 1603 1508 in
1644 1444 1772 1508 hoc
1812 1461 2019 1510 unum
2061 1444 2400 1530 protulere
2440 1448 2518 1511 ut
2556 1447 2768 1514 homi-

579 1567 736 1612 num
767 1566 995 1630 genus,
1025 1551 1227 1630 atque
1256 1544 1426 1610 adeo
1453 1549 1665 1610 totum
1694 1547 1921 1611 orbem
1947 1565 2137 1628 regas
2165 1547 2467 1632 imperio.

665 1647 793 1713 Ille
815 1647 972 1712 Tibi
993 1652 1065 1713 et
1087 1647 1287 1725 bella,
1309 1651 1378 1711 et
1405 1664 1693 1730 pugnas,
1722 1666 2091 1732 currusque
2118 1648 2613 1736 triumphosque

666 1746 846 1813 Ante
876 1749 1107 1814 oculos
1135 1747 1328 1813 sistet
1353 1767 1562 1832 pai-va
1588 1747 1782 1830 quasi
1811 1747 1998 1831 picta
2024 1748 2313 1815 tabella:

665 1849 896 1928 Sistet‚
923 1856 993 1914 et
1013 1853 1200 1916 arcta
1229 1849 1499 1915 Ducum
1529 1847 1818 1932 captivis
1847 1847 2082 1914 addita
2110 1849 2306 1914 collis

666 1949 983 2016 Vincula.

579 2051 720 2130 Qui
750 2051 812 2116 si
853 2051 1132 2117 maximi
1171 2051 1269 2116 tui
1309 2049 1614 2115 Parentis
1658 2050 1838 2116 facta
1880 2052 2450 2136 complecteretur,
2481 2053 2629 2138 ipse
2669 2055 2773 2122 Te

579 2153 667 2217 ad
695 2155 1017 2236 ingentem
1047 2151 1218 2236 ejus,
1237 2151 1372 2217 hoc
1401 2155 1526 2228 est,
1555 2150 1645 2218 ad
1662 2151 2125 2235 perfectissimi
2148 2151 2400 2219 Herois
2420 2154 2773 2240 imaginem

579 2253 874 2335 fingeret.
979 2252 1118 2316 Sed
1161 2244 1474 2336 quoniam
1516 2270 1675 2336 quae
1717 2253 1777 2315 is
1832 2253 1977 2318 sive
2020 2254 2225 2319 ductu
2278 2274 2401 2320 suo
2444 2255 2591 2321 sive
2628 2258 2773 2323 suis

579 2354 906 2435 auspiciis
935 2354 1162 2434 gessit,
1190 2370 1276 2415 ea
1301 2351 1402 2414 sic
1433 2347 1905 2430 compendiose
1946 2353 2220 2416 tractari
2264 2373 2397 2419 non
2439 2363 2775 2440 poterunt,

577 2453 804 2518 Tuum
833 2453 980 2530 erit,
1002 2453 1410 2518 Dumium
1439 2448 1987 2527 Suasmssmn,
2012 2471 2187 2530 cum,
2209 2467 2367 2537 qno
2384 2453 2497 2520 hic
2526 2456 2775 2541 Populi

583 2549 876 2620 Romani
903 2553 1088 2620 facta
1115 2557 1336 2616 narrat
1379 2550 1649 2628 morus,
1691 2551 1894 2616 factis
1936 2553 2079 2617 tuis
2118 2555 2317 2638 qnasi
2339 2557 2775 2640 praeludendo

577 2659 740 2740 post
762 2655 864 2720 Te
889 2655 1084 2738 longe
1109 2652 1484 2736 reliqueris,
1515 2659 1655 2717 tum
1686 2651 1948 2720 demum
1978 2673 2105 2738 per
2128 2661 2397 2722 atatem
2424 2657 2657 2726 fortior
2684 2661 2774 2727 ad

577 2755 951 2818 maximum
974 2753 1164 2818 illum
1205 2751 1552 2818 Parentem
1591 2765 1779 2818 tuum
1806 2755 2105 2820 animum
2132 2757 2489 2836 intendere,
2516 2767 2593 2825 ut
2620 2779 2791 2828 cum.

581 2859 790 2918 totum
847 2872 996 2918 eum
1051 2857 1342 2935 quantus
1399 2858 1506 2916 est
1553 2857 1735 2917 recte
1794 2856 2194 2939 perceperis,
2253 2855 2777 2941 disjunctissima

583 2953 748 3018 olim
775 2960 1098 3018 terrarum
1123 2953 1368 3038 spatia,
1395 2957 1462 3018 et
1485 2954 1831 3018 obstantia
1880 2957 2201 3021 montium
2245 2956 2439 3040 juga,
2468 2959 2775 3045 intefice-

583 3052 772 3137 thue
801 3052 1004 3118 maris
1045 3069 1324 3137 aequora
1351 3053 1731 3136 amplexus,
1764 3054 1869 3122 sic
1896 3063 1965 3120 et
1988 3055 2126 3120 Tui
2166 3062 2238 3121 et
2265 3058 2461 3124 Illius
2485 3063 2775 3128 nominis

583 3171 958 3218 mensuram
987 3153 1292 3238 impleas.
1382 3152 1556 3220 Vale
1597 3153 1739 3234 diu,
1784 3155 2189 3225 Dmaenmss
2234 3159 2775 3246 summissius,

587 3259 656 3318 et
681 3252 856 3318 vive..

723 3531 842 3581 Lut.
866 3525 1034 3580 Paria.
1061 3531 1210 3583 Prid.
1235 3534 1370 3584 Nou.
1392 3535 1584 3588 Octoh.

973 3605 1284 3648 ιοοιιιιν.
1473 3633 1484 3640 -
