3234 4909
886 436 951 483 1..
1000 433 1257 485 ANNE!
1308 436 1533 485 nom
1588 434 1732 486 mu.
1781 438 1832 487 1.
1879 436 2180 488 Pltocssu.

420 589 687 629 numerum
706 590 973 629 annorum.
1041 578 1189 630 Idem
1203 579 1379 645 peullo
1394 594 1483 629 au-

423 658 479 706 te
502 668 604 705 nou
626 657 759 706 male
792 656 1004 721 legebat
1023 659 1081 705 stt
1100 656 1373 719 adoleverit,
1409 668 1487 705 re·

413 732 564 797 jecta
591 734 781 797 copula
800 748 902 797 que.
970 733 1059 783 Sic
1090 733 1205 783 Liv.
1230 746 1269 782 t.
1289 736 1339 782 8.
1376 734 1395 761 ⁸
1414 733 1487 782 Ο·

423 808 640 873 riginem
679 814 947 873 nepotum,
981 816 1043 859 ut
1077 808 1259 874 geniti,
1280 814 1341 859 ut
1362 806 1487 858 edu·

424 884 551 947 cati,
572 890 631 934 ut
650 884 843 949 cogniti
864 882 1365 935 essent...osteudit.'
1421 885 1491 933 Et

422 954 616 1012 Jltstin.
634 974 675 1010 ι.
700 966 749 1011 ⁶.
782 961 800 990 ⁶
814 959 1010 1011 Scribit
1030 962 1102 1025 ei,
1124 966 1185 1011 nt
1216 960 1487 1025 ablegatus

422 1038 477 1087 iu
502 1038 692 1088 Persas
713 1036 912 1101 fuerit,’
935 1043 1041 1089 cet.
1082 1036 1177 1089 nbi
1199 1042 1385 1103 quater
1406 1050 1489 1086 re·

424 1108 697 1177 petitur-ut
728 1113 839 1164 sine
862 1113 1065 1178 copula.
1132 1110 1253 1163 Nec
1272 1124 1489 1163 necesse

422 1195 541 1240 ‘crat
563 1202 677 1241 eam
702 1190 755 1239 lu
772 1190 945 1239 medio
968 1188 1113 1254 poni.

490 1266 685 1317 Circum
717 1267 870 1331 ipsum
909 1271 1109 1317 matrem
1144 1265 1303 1329 mm]
1357 1266 1489 1319 Quis

422 1342 675 1393 hactenus
703 1343 823 1392 huic
846 1342 1058 1393 lectioni
1081 1344 1489 1393 controversiam

424 1432 635 1469 movere
680 1432 837 1469 ausus
872 1424 1033 1479 esset,
1072 1419 1159 1467 vel
1194 1418 1380 1467 saltem
1420 1418 1489 1467 de

348 1554 361 1562 ,
424 1496 541 1559 ejus
553 1494 659 1545 fide
682 1502 737 1545 ct
752 1494 1053 1545 sinceritate
1068 1487 1347 1543 dubitare?
1380 1492 1491 1544 Ne-

424 1584 511 1631 ιιιο
542 1584 684 1621 sane.
752 1570 873 1620 Nec
904 1569 1175 1634 quisquam
1210 1569 1489 1633 quidquam

428 1660 495 1697 ex
512 1646 619 1696 suis
656 1645 805 1696 libris
838 1644 1116 1711 prompsit,
1148 1644 1287 1711 quod
1320 1643 1489 1696 diver-

428 1736 541 1773 sum
576 1729 717 1773 esset
755 1721 823 1772 ab
860 1722 1007 1772 edita
1044 1720 1321 1787 scriptura.
1412 1721 1491 1773 At

426 1799 656 1848 omnium
694 1798 905 1863 optlmae
944 1796 1251 1848 Nasarisnae
1286 1796 1491 1847 scheda

424 1876 635 1939 legunte
668 1874 1143 1940 circumimus·
1174 1874 1277 1939 ipsu
1298 1874 1492 1941 cumfi-

425 1950 629 2013 tn'tinis,
647 1952 729 2015 «ιο.
768 1964 885 2017 quae
914 1956 998 1999 est
1016 1962 1161 2000 mera
1192 1949 1490 2001 balbuties.
1476 1965 1491 1983 ·

426 2040 493 2076 ex
514 2040 620 2094 qna
640 2033 817 2078 tamen
852 2024 1146 2091 expeditius
1174 2026 1315 2092 loqui
1336 2026 1491 2076 doce-

424 2102 593 2153 bimus
620 2104 757 2155 lianc
776 2103 1005 2167 vulgum.
1074 2101 1315 2165 Legimus
1334 2102 1493 2165 enim,

426 2180 605 2229 ιιι-ειη
621 2179 753 2243 ipsas
768 2192 915 2230 eum
930 2172 1271 2243 cunflns'tisiis
1288 2180 1493 2227 hetam

426 2258 529 2303 eet.
563 2253 773 2303 omnino
808 2254 1114 2319 eleganter.
1170 2252 1239 2301 ab
1276 2252 1490 2302 infanti-

427 2329 547 2393 bus,
568 2330 676 2395 qui,
688 2329 855 2379 minus
872 2326 1097 2394 pedibus
1116 2326 1271 2392 firmi,
1288 2328 1493 2393 lougius

427 2418 529 2455 non
555 2405 747 2456 audent
770 2420 801 2455 s
826 2404 931 2456 suis
956 2404 1101 2455 cunis
1120 2404 1416 2467 discedere,
1434 2402 1493 2456 et'

427 2484 626 2535 circum
666 2482 809 2548 ipsas
852 2483 1108 2533 lusitant:
1160 2483 1233 2533 sic
1272 2484 1493 2533 Romani

424 2556 517 2610 illo
560 2565 795 2624 tempore
834 2558 977 2610 circa
1010 2558 1203 2611 moenia
1232 2558 1491 2610 herentes

426 2650 539 2699 sua,
580 2635 781 2701 longius
804 2634 1053 2700 progredi
1088 2649 1193 2686 nou
1223 2634 1349 2698 ausi,
1376 2650 1493 2686 cun

426 2709 657 2763 finitimis
677 2712 941 2762 hincinde
973 2711 1353 2763 lacessentibus
1384 2714 1495 2763 luc-

425 2786 704 2849 tabantur3
738 2802 855 2838 cnm
878 2788 1008 2853 ipsis
1040 2788 1185 2839 nulla
1216 2789 1372 2853 patrii
1397 2789 1495 2841 soli

427 2862 585 2927 gleba
602 2870 760 2927 esset,
773 2863 869 2916 sed
891 2863 1065 2915 statim
1090 2864 1281 2915 hostile
1300 2880 1494 2930 pomoe·

424 2940 577 3005 rium,
596 2946 660 2991 ut
679 2938 818 2990 infra
844 2938 1041 2992 narrat.
1106 2940 1165 2993 81
1192 2941 1279 2991 cui
1303 2941 1493 2993 libebit

425 3018 685 3081 vulgatam
729 3017 995 3081 amplecti,
1044 3030 1141 3081 per
1191 3031 1276 3068 me
1313 3016 1491 3069 liceat.

425 3094 529 3145 Sul.
597 3094 915 3145 Nasariauus
938 3094 1195 3158 salmasii,
1218 3094 1395 3145 cimm
1416 3094 1493 3158 s'p-

424 3184 529 3219 sum
558 3184 621 3220 aa
638 3171 763 3233 ipsu,
786 3184 851 3218 ex
879 3184 981 3235 quo
1012 3168 1143 3221 facit
1170 3171 1347 3221 εἰνσιιιιι
1367 3171 1495 3235 ipsas

423 3258 584 3294 um.
652 3244 909 3295 Gruterus
929 3250 987 3294 et
1018 3244 1287 3296 Fontanus
1316 3247 1493 3297 σὶιτιιιιι

423 3320 575 3383 ἰιιιιιιιι
611 3334 879 3382 mmm,
922 3334 1037 3386 qua
1072 3321 1245 3371 omnia
1288 3323 1493 3373 ratione

426 3396 529 3447 non
546 3404 747 3447 carent.
811 3398 1007 3447 Verum
1022 3412 1141 3447 eum
1156 3398 1372 3462 vulgata
1390 3400 1494 3449 lee-

426 3474 503 3523 tio
534 3474 647 3523 sine
683 3473 813 3523 vitio
848 3474 936 3537 sit,
970 3488 1071 3523 non
1092 3475 1355 3525 immerito
1378 3480 1491 3525 tne-

424 3564 573 3613 mur;
627 3549 752 3599 alias
790 3548 927 3599 euim
959 3548 1101 3599 forte
1134 3550 1293 3600 nihilo
1328 3551 1497 3600 acius

424 3626 547 3691 legi.
576 3632 773 3689 posset,
814 3625 993 3675 circum
1030 3624 1137 3688 ipsa
1178 3624 1351 3676 ιιιωιίιι
1390 3640 1497 3690 nm,

426 3702 565 3767 quod
608 3702 821 3766 propius
853 3701 921 3752 ad
958 3700 1327 3751 Marcellinum
1350 3717 1497 3754 acce·

426 3774 598 3841 deret,
626 3790 799 3844 quem,
832 3790 955 3828 cum
989 3777 1329 3828 similitudine
1348 3780 1499 3831 Flori

428 3860 685 3917 uteretur,
704 3867 805 3903 nec
826 3869 857 3905 a
886 3852 1059 3904 verbis
1094 3854 1299 3919 longius
1329 3870 1497 3907 reces-

428 3932 557 3981 sisse
598 3928 851 3981 credibile
894 3937 977 3981 est
992 3946 1009 3979 ι
1054 3930 1145 3983 ille
1182 3932 1318 3982 euim
1350 3934 1367 3961 ‘
1382 3932 1496 3985 Cir·

430 4020 764 4057 cumcun-ana
814 4004 987 4057 bella)
1033 4006 1124 4057 Fr.
1203 4008 1267 4058 lu
1326 4009 1505 4059 chii-ot

426 4083 623 4148 grapho
644 4083 875 4134 salmasii
902 4096 934 4132 e
970 4083 1163 4134 Nasar-
1186 4091 1303 4136 erat
1321 4086 1497 4136 σίνοιιιιι

423 4160 579 4225 ipsun
597 4174 703 4209 eum
712 4160 867 4224 ipsunt
878 4162 1235 4229 cumflnitistis.
1269 4162 1320 4213 A
1336 4164 1491 4215 Voss.

428 4232 871 4375 ιῗῖᾚῐσῗῆοἷὶιι
908 4310 1009 4371 Ed.
1042 4310 1241 4371 vaii
1278 4318 1336 4363 et
1374 4312 1497 4369 Am·

2500 422 2630 489 2141

1562 578 1679 632 stel.
1701 584 1822 633 emt.
1891 580 2156 632 Revocavl
2176 578 2272 631 erle
2286 590 2352 629 ex
2369 592 2444 631 se.
2467 586 2522 629 et
2543 578 2632 631 ed.

1629 658 1680 720 §-
1703 661 1738 706 ⁶
1767 656 1978 721 Appium
2007 656 2202 721 Claud]
2238 656 2360 706 Non
2381 656 2633 721 intelligit

1562 730 1794 795 Appium
1818 732 2092 783 Claudium
2115 746 2332 794 cecum,
2351 731 2417 781 de
2434 746 2538 797 quo
2557 734 2636 781 in·

1560 806 1642 856 fra
1664 821 1778 872 cap.
1810 812 1910 869 183
1943 809 2039 858 sed
2071 822 2186 859 eum
2228 809 2314 859 eni
2347 818 2634 871 cognomen

1562 882 1578 910 ‘
1600 882 1852 947 Caudex,’
1873 882 1942 933 de
1961 898 2062 949 qno
2083 883 2173 935 lib.
2197 888 2247 934 2.
2269 898 2321 934 c.
2334 886 2384 933 2.
2419 884 2633 933 Camers.

1565 958 1802 1013 Quintum
1835 959 2088 1010 Claudium
2122 973 2400 1027 perperam
2439 960 2634 1009 babent

1563 1036 1733 1099 Regg.
1755 1037 1912 1087 Fran.
1932 1044 1988 1089 et
2008 1038 2159 1089 Voss.
2183 1042 2229 1089 1.

1630 1112 1694 1167 Q.
1707 1112 1948 1176 Maian]
1980 1114 2062 1163 M.
2079 1115 2316 1165 Fulvium
2337 1114 2481 1166 Fasti
2497 1130 2634 1180 prae·

1560 1184 1762 1249 ferunt,
1782 1190 1924 1253 quod
1963 1190 2120 1239 etiam
2157 1192 2371 1242 Stadios
2407 1195 2634 1245 notavit·

1564 1262 1657 1313 Fr.
1719 1264 1842 1315 vid.
1877 1264 2120 1330 Pighium
2143 1267 2210 1317 ad
2235 1266 2304 1318 A.
2327 1269 2393 1318 U.
2415 1272 2532 1319 489.

1572 1382 1577 1389 .
1627 1338 1872 1389 Ducento-
1909 1342 2082 1406 mos]
2139 1344 2292 1394 Unde
2336 1344 2474 1394 nude
2511 1346 2630 1395 inec

1564 1415 1860 1479 scriptura?
1893 1422 2040 1467 certe
2077 1432 2110 1466 a
2145 1418 2290 1468 nullo
2323 1420 2665 1483 scriptorum¹

1564 1492 1938 1556 exemplarium
1981 1498 2270 1543 nostrorum
2319 1494 2637 1559 agnoscitur,

1565 1580 1782 1631 qnorum
1805 1568 2058 1631 optimum
2087 1569 2452 1621 Laurissanum
2472 1572 2636 1623 habet

1570 1642 1674 1692 eL.
1752 1641 1854 1693 Cui
1882 1643 2148 1694 consentit
2182 1644 2319 1695 alter
2359 1646 2633 1699 Palatinus

1564 1716 1754 1769 infima
1776 1718 2072 1769 vetustatis.
2135 1719 2238 1770 Sed
2256 1722 2392 1771 alter
2409 1721 2480 1772 de
2501 1729 2633 1773 nota

1564 1794 1782 1845 meliore
1795 1794 1950 1858 plane
1963 1794 2178 1846 exhibet
2194 1796 2348 1846 cel..
2379 1798 2498 1849 Nec
2511 1812 2636 1849 eon-

1566 1870 1754 1921 tradici
1773 1876 1970 1936 potest,
1989 1885 2092 1939 quo
2109 1872 2276 1923 minus
2289 1873 2404 1923 baec
2421 1874 2492 1924 sit
2507 1888 2636 1924 vera

1564 1952 1624 1997 et
1651 1946 1854 1998 sincera
1873 1948 2052 2012 lectio,
2087 1962 2204 1999 cum
2223 1950 2404 2000 Livius
2435 1956 2492 2000 et
2511 1950 2638 2001 Dio·

1565 2022 1741 2087 nysius
1764 2023 2228 2089 Halicarnasseus,
2251 2033 2474 2090 tempus,
2495 2024 2635 2091 quod

1566 2098 1666 2147 sub
1687 2098 1894 2164 reg-ibus
1929 2098 2051 2164 fuit,
2073 2100 2316 2151 ducentis
2339 2110 2398 2151 et
2416 2103 2640 2167 quadra-

1566 2174 1710 2238 ginta
1752 2181 1974 2239 quatuor
2028 2176 2176 2226 anuis
2217 2176 2492 2241 definiant,
2547 2178 2638 2229 alii

1565 2250 1724 2300 etism
1763 2250 2105 2315 quadraginta
2143 2252 2328 2304 tribus.
2396 2252 2502 2304 Hie
2527 2253 2638 2304 An·

1567 2340 1726 2390 umus,
1747 2332 1808 2376 ut
1841 2340 2114 2378 numerum
2147 2329 2426 2379 rotundum
2459 2329 2637 2382 effice-

1567 2408 1670 2466 ret,
1711 2402 1968 2453 ducentos
2017 2404 2395 2470 quinquaginta
2439 2406 2638 2471 posuit,

1569 2492 1698 2543 quos
1717 2492 1879 2529 anuos
1914 2480 2122 2544 imperii
2157 2480 2375 2531 Romani
2397 2481 2636 2534 infantiae

1570 2553 1874 2617 assignavit,
1895 2568 2016 2604 mox
2032 2556 2252 2607 totidem
2269 2558 2496 2622 ejusdem
2516 2559 2641 2609 ado-

1569 2629 1840 2681 lescentia
1887 2630 2089 2683 tribuit.
2167 2632 2248 2683 Ut
2287 2633 2450 2697 igitur
2493 2635 2639 2699 quin-

1568 2710 1716 2773 genti
1737 2710 1860 2759 anni
1893 2709 2087 2773 integri
2125 2704 2452 2763 exorirentur
2475 2711 2642 2765 iufau-

1569 2787 1662 2837 tiae
1681 2791 1738 2836 et
1773 2786 2142 2837 adolescentiae
2181 2788 2360 2853 populi
2397 2790 2638 2854 Romani,
2741 2848 2749 2855 .

1569 2877 1666 2914 sex
1709 2878 1868 2915 annos
1913 2864 2142 2930 adJicere
2177 2880 2280 2915 non
2319 2876 2400 2918 est
2439 2868 2640 2921 veritus

1567 2949 1767 3008 preter
1805 2940 2043 2993 veterum
2087 2943 2418 3008 senteutiam,
2471 2953 2636 3015 atque

1570 3018 1702 3068 adeo
1741 3018 1904 3082 ipsam
1938 3019 2234 3070 veritatem.
2303 3021 2490 3085 Neque
2537 3020 2638 3073 boc

1567 3094 1788 3161 praecise
1811 3094 2158 3145 damnandum
2179 3102 2278 3146 est.
2347 3094 2478 3147 Cum
2499 3098 2640 3149 enim

1567 3170 1764 3235 primus
1787 3174 1844 3219 et
1859 3168 2236 3234 jucundissima
2256 3177 2313 3222 et
2334 3172 2640 3223 suavissima

1568 3244 1796 3310 imagine
1823 3245 1964 3296 urbis
2003 3245 2249 3297 Romaim
2271 3253 2508 3312 tempora
2543 3249 2643 3299 dis·

1572 3322 1821 3373 tribuerit
1842 3322 1894 3371 in
1917 3328 2124 3387 estates,
2157 3329 2218 3372 ut
2237 3324 2544 3375 Lactantius
2556 3326 2640 3375 ‚lo-

1571 3397 1766 3460 quitur,
1788 3396 1861 3445 ita
1881 3396 1998 3445 illos
2021 3396 2214 3461 gradus
2233 3405 2290 3448 et
2313 3406 2501 3449 aetates
2521 3415 2642 3465 par-

1574 3472 1701 3520 titus
1741 3476 1840 3534 est,
1858 3476 1923 3520 >ut
1946 3484 2081 3535 pene
2117 3484 2212 3535 per
2233 3475 2404 3524 omnia
2437 3474 2642 3527 faceret

1574 3546 1822 3611 equales.
1861 3546 1972 3597 Dat
1991 3546 2244 3599 ducentos
2266 3552 2644 3618 quinquaginta

1574 3636 1734 3673 anuos
1755 3619 2010 3686 infantia,
2030 3637 2063 3673 a
2085 3638 2188 3689 qua
2211 3624 2460 3677 imbecilli
2483 3636 2641 3681 aetate

1574 3699 1852 3751 transitum
1867 3699 1998 3749 facit
2019 3698 2086 3749 ad
2109 3699 2536 3769 adolescentiam,
2552 3707 2644 3756 cui

1574 3776 1794 3827 totidem
1849 3789 2012 3827 annos
2059 3774 2328 3831 adscribit.
2414 3778 2552 3831 Hac
2607 3795 2640 3831 a

1572 3853 1744 3904 Bruto
1779 3852 2142 3918 Collatinoque
2187 3854 2330 3907 Coss.
2367 3855 2646 3922 iucipiens,

1572 3928 1648 3989 ln⁸
1668 3928 1900 3993 Appium
1943 3928 2237 3993 Claudium,
2276 3930 2345 3982 Q.
2385 3929 2645 3997 Fulvium,

1573 4006 1722 4057 Coss.
1753 4004 1965 4055 desinit.
2030 4003 2239 4054 Deinde
2269 4004 2542 4067 juventam
2565 4006 2644 4073 ip-

1572 4096 1681 4132 sam
1705 4081 1772 4131 eb
1793 4080 1906 4132 istis
1921 4078 2232 4129 Consulibus
2245 4092 2412 4143 usque
2435 4077 2502 4128 sd
2527 4079 2644 4131 Cse.

1573 4168 1740 4207 serem
1778 4154 2069 4219 Augustum
2107 4151 2328 4203 totidem
2367 4166 2647 4223 annorum,

1572 4243 1762 4293 nempe
1801 4228 2142 4279 ducentorum
2168 4232 2226 4276 et
2249 4226 2649 4297 quinquaginta,

1572 4318 1688 4359 esse
1709 4302 1882 4371 tingit.
1951 4302 2122 4356 Quam
2143 4302 2258 4363 lucc
2271 4305 2564 4377 composite
2583 4313 2644 4361 et
