3234 4909
1258 449 1360 499 nn
1409 448 1828 498 nncronnm.
1900 460 1915 477 ·
2112 452 2119 459 ·
2438 471 2443 475 -
2502 434 2635 502 389

449 602 618 663 cura
641 592 898 678 legendi
919 598 990 659 et
1007 591 1310 657 discendi
1336 596 1650 675 taugeret,
1672 610 1823 677 quae
1854 592 2195 657 fusissime
2222 594 2322 658 ab*
2339 596 2635 681 antiquis

447 701 730 763 tractata
757 694 1034 769 fuerant,
1059 694 1196 776 ipsi
1223 692 1723 771 contrahebant,
1754 694 1916 777 quia
1942 692 2213 759 fastidio
2242 696 2349 761 sui
2376 704 2638 781 tempo-

449 798 568 876 ris,
598 799 703 864 vel
731 798 962 880 potius
989 795 1275 873 inertiae,
1318 813 1456 857 rem
1489 812 1562 858 se
1603 799 1857 877 gratam
1900 794 2123 860 facere
2168 794 2634 879 intelligebant.

449 901 780 965 Lecturus
835 899 1088 982 quippe
1135 915 1264 965 sua
1319 914 1452 961 nou
1510 896 1700 963 aliter
1749 897 2168 962 habuissent.
2256 895 2357 962 Ut
2412 904 2638 965 autem

447 1002 828 1085 praecipuus
857 1006 958 1065 est
983 998 1140 1063 finis
1167 1014 1398 1065 eornm
1427 998 1544 1080 qui
1573 996 1837 1081 aliquid
1874 999 2087 1063 literis
2112 998 2435 1087 mandant
2463 1000 2642 1085 quod

447 1103 770 1169 victurum
799 1088 1179 1185 opinentur,
1207 1098 1456 1163 famam
1493 1098 1677 1183 apud
1708 1100 2051 1183 populum,
2082 1120 2215 1184 quo
2243 1100 2429 1166 docti
2456 1101 2640 1167 vide-

442 1206 655 1282 antur,
697 1203 951 1281 mereri,
995 1202 1200 1285 idque
1243 1218 1445 1268 unum
1496 1208 1957 1284 aucupantur-3
1999 1206 2208 1267 totum
2250 1201 2323 1266 id
2350 1202 2641 1287 pendere

433 1322 598 1370 -cum
627 1310 974 1369 cernerent
999 1319 1042 1371 a
1070 1306 1268 1386 gustu
1295 1308 1365 1367 et
1398 1302 1661 1387 judicio
1689 1301 2043 1381 lectorum,
2072 1304 2243 1368 satis
2268 1301 2491 1369 facere
2540 1306 2642 1371 eis

445 1406 880 1473 conabantur.
965 1402 1132 1472 Alia
1155 1404 1268 1469 via
1285 1402 1357 1467 id
1386 1404 1671 1469 obtineri
1691 1420 1820 1467 uon
1844 1410 2132 1486 poterat,
2158 1423 2359 1487 quam
2380 1409 2457 1469 ut
2479 1404 2645 1471 scri—
2782 1452 2789 1461 -

438 1505 714 1578 notetur
757 1505 938 1590 quod
985 1505 1208 1588 legere
1256 1504 1502 1586 aliquis
1551 1502 1957 1585 dignaretur.
2047 1502 2231 1568 Nam
2282 1516 2404 1587 pro
2433 1510 2639 1589 captu

437 1604 824 1689 legentium,
877 1614 956 1672 ut
1001 1606 1150 1672 fata
1186 1605 1340 1671 libri
1390 1604 1663 1682 habent,
1710 1604 1813 1669 ita
1854 1610 1921 1669 et
1953 1603 2265 1669 librorum
2310 1616 2643 1697 auctores.
2714 1690 2720 1697 .
2823 1572 2831 1591 Ι

445 1705 638 1772 Hinc
666 1707 927 1775 desidia
967 1714 1126 1774 nata
1147 1714 1256 1771 est
1283 1706 1712 1773 scribentium
1758 1725 1849 1771 ex
1890 1704 2163 1787 ignavia
2211 1707 2643 1773 studentium.

446 1806 786 1891 Imperitia
835 1808 1077 1875 deinde
1132 1824 1224 1873 ex
1271 1806 1504 1876 eodem
1557 1805 1737 1873 fonte
1784 1806 2068 1873 ebulliit.
2157 1805 2297 1886 Qui
2336 1807 2521 1871 docti
2562 1828 2643 1873 eo

446 1914 740 1994 tempore
773 1909 984 1977 videri
1011 1908 1342 1985 volebant,
1373 1909 1588 1994 etqui
1632 1908 1704 1975 id
1746 1927 1987 1974 nomen
2015 1928 2107 1973 ex
2130 1909 2363 1973 merito
2401 1908 2644 1975 babere

450 2010 650 2075 etiam
679 2015 1006 2094 poterant,
1036 2028 1191 2075 cum
1229 2010 1536 2093 antiquos
1561 2010 1917 2092 scriptores
1946 2010 2173 2095 jacere
2202 2010 2519 2087 viderent,
2552 2012 2642 2075 ob

438 2111 802 2195 grandiora
851 2130 1124 2195 operum
1178 2110 1543 2186 volumina,
1603 2126 1757 2191 quae
1816 2110 2235 2195 reliquerant,
2285 2109 2643 2175 remedium

377 2194 398 2211 ’
453 2212 728 2295 aliquod
755 2232 846 2277 ex
872 2213 1274 2283 necessitate
1301 2209 1738 2292 quoesierunt,
1758 2226 1897 2293 quo
1915 2210 2067 2275 illos
2085 2209 2289 2293 ¹vulgo
2319 2211 2646 2277 traderent

447 2312 850 2389 noscendus,
880 2331 1092 2396 seque
1119 2312 1352 2377 eadem
1379 2328 1588 2394 opera
1611 2315 1807 2375 notos
1836 2312 1907 2375 in
1924 2312 2159 2392 vulgus
2192 2311 2446 2376 darent.
2495 2312 2562 2377 N
2564 2333 2642 2377 ec

448 2432 584 2478 uno
613 2414 816 2481 modo
845 2429 1074 2480 omnes
1094 2413 1166 2477 in
1189 2431 1272 2477 eo
1295 2411 1566 2493 negotio
1598 2412 1842 2479 versati
1870 2416 2045 2491 sunt,
2074 2422 2148 2478 ut
2174 2412 2244 2477 id
2275 2413 2451 2496 quod
2482 2433 2644 2498 cap-

449 2514 688 2578 tabant
738 2518 1322 2597 consequerentur.
1413 2512 1709 2591 Quidam
1752 2514 1944 2597 ipsos
1994 2519 2305 2580 auctores
2332 2516 2404 2579 in
2432 2514 2645 2599 epito-

449 2634 604 2679 men
629 2616 1039 2698 redegerunt,
1061 2615 1232 2697 ipsis
1257 2619 1604 2679 auctorum
1629 2615 1854 2683 verbis
1884 2618 2195 2693 servatis,
2217 2623 2341 2681 aut
2367 2616 2643 2698 paulum

449 2716 840 2783 immutatis.
927 2714 1072 2781 Alii
1099 2714 1439 2780 breviaria
1484 2714 1795 2797 quaedam
1830 2716 2099 2800 proprio
2128 2718 2297 2800 stylo
2340 2716 2645 2781 confece-

448 2823 636 2897 runt,-
655 2834 744 2883 ex
773 2817 980 2899 variis
1003 2818 1446 2900 scriptoribus
1461 2818 1889 2901 excerpendo
1914 2816 2099 2901 quod
2124 2820 2195 2882 in
2218 2836 2361 2882 rem
2390 2816 2645 2884 videre-

449 2923 580 2985 tur.
668 2918 993 2988 Nonnulli
1023 2919 1224 3001 quasi
1267 2926 1590 2985 centones
1635 2920 2177 2984 consarcinarunt
2216 2939 2301 2983 ex
2336 2906 2643 3003 pluribus

451 3021 886 3105 scriptoribus
916 3022 1030 3105 qui
1057 3038 1198 3085 rem
1225 3019 1501 3085 eandem
1531 3022 1929 3098 tractabant,
1960 3020 2097 3086 alia
2122 3021 2208 3085 ab
2237 3020 2363 3097 his,
2378 3019 2529 3083 alia
2555 3020 2642 3083 ab

447 3122 588 3187 illis
615 3122 964 3201 sumendo,
1013 3142 1096 3187 ac
1125 3140 1372 3207 corpus
1425 3140 1648 3198 unum,
1676 3121 1831 3186 hinc
1874 3120 2029 3185 inde
2076 3120 2377 3185 collectis
2406 3120 2643 3185 alienis

444 3224 766 3291 membris
795 3229 911 3288 ant
937 3225 1380 3290 membrorum
1431 3222 1803 3307 particulis,
1838 3222 2289 3288 condiderunt.
2377 3220 2491 3287 lta
2518 3220 2644 3286 Di-

447 3330 636 3407 gesta
661 3325 1004 3391 contexuit
1041 3325 1522 3401 Tribonianus,
1551 3344 1643 3389 ex
1671 3326 1977 3407 plurimis
2006 3322 2053 3387 J
2056 3324 2644 3389 urisconsultorum

451 3426 942 3493 commentariis
971 3427 1360 3509 etscriptis.
1447 3424 1592 3491 Alii
1634 3444 1756 3508 per
1796 3424 1985 3489 locos
2014 3441 2397 3489 communes
2426 3425 2645 3507 diges-

452 3534 688 3594 serunt
715 3527 1038 3611 quicquid
1066 3526 1376 3609 praeclari
1425 3527 1494 3589 in
1541 3526 1935 3591 auctoribus
1987 3526 2399 3605 occurrebat,
2426 3531 2494 3594 et
2518 3528 2643 3593 sub

448 3632 668 3693 certos
725 3646 808 3691 ac
859 3626 1200 3709 generales
1257 3626 1516 3704 titulos,
1557 3648 1709 3709 quoe
1758 3646 1847 3691 ex
1891 3627 2101 3692 variis
2146 3627 2644 3705 defloraverant,

441 3734 954 3813 congesserunt.
1043 3728 1206 3795 Hoc
1236 3728 1440 3794 modo
1481 3728 1861 3793 universam
1890 3726 2263 3821 Historiam
2294 3726 2644 3795 Graecani-

446 3847 604 3901 cam
651 3820 1063 3917 ‘concerpsit
1135 3830 1610 3898 Constantinus
1684 3828 2301 3913 Porphyrogeneta.
2433 3829 2641 3913 Cujus

307 3927 315 3936 ’
442 3934 708 4017 laboris,
745 3934 1080 4001 beneficio.
1127 3934 1382 4018 aliquot
1433 3933 1805 4014 fragmenta
1858 3931 2153 4016 Polybii‚
2208 3951 2291 3997 ac
2366 3930 2642 3996 Nicolai

453 4032 886 4116 Damascena,
913 4042 982 4102 et
1007 4037 1313 4113 aliorum,
1341 4034 1560 4112 nobis,
1589 4040 1906 4117 tanquam
1938 4052 2025 4096 ex
2052 4030 2361 4096 incendio
2388 4036 2641 4113 erepta,

443 4142 718 4201 servata
765 4142 917 4201 sunt
959 4137 1034 4235 in
1082 4134 1350 4203 duobus
1398 4135 1636 4212 titulis,
1670 4150 1837 4217 quos
1879 4135 1968 4200 ab
2010 4132 2247 4217 injuria
2273 4139 2643 4215 temporum

453 4234 822 4305 vindicavit
858 4239 1266 4323 eruditorum
1303 4238 1683 4313 curiositas,
1730 4252 1867 4299 uno
1911 4233 2033 4317 περὶ
2074 4235 2407 4320 argue-emir,
2434 4234 2644 4300 altero
