3234 4909
1467 421 1811 474 mucroni.
2642 415 2725 480 11

533 565 712 632 citur
739 559 1135 647 Othryades,
1181 565 1510 648 tropaeum
1536 583 1668 632 suo
1698 565 2019 650 sanguine
2060 567 2387 647 scribens,
2432 569 2682 664 fecisse
2704 592 2745 652 3.

531 685 737 750 quem
779 682 1068 730 errorem
1101 664 1250 749 jam
1293 665 1415 730 alii
1458 672 1797 736 notarunt.
1884 668 1957 735 N
1958 689 2051 736 on
2076 670 2293 738 minus
2321 671 2577 739 insanit
2602 673 2726 740 im-

531 771 812 853 portuna
853 768 1484 834 commemoratione
1527 774 1761 852 portus
1802 771 2179 851 marmorei,
2220 779 2294 838 et
2330 771 2533 838 fontis
2560 771 2728 838 Are-

529 867 744 938 thusae
771 869 845 934 in
873 868 1224 936 obsidione
1251 871 1775 953 Syracusarum:
1820 876 1842 910 ‘
1874 873 2103 957 Longe
2144 875 2242 944 illi
2288 874 2535 958 triplex
2582 895 2727 942 mu-

505 989 668 1050 ·rus,
708 969 986 1036 totidem
1014 991 1232 1049 arces,
1274 977 1504 1056 portus
1533 974 1653 1039 ille
1680 993 2115 1054 marmoreus,
2146 983 2218 1042 et
2244 974 2403 1044 sons
2434 975 2727 1042 celebra-

525 1075 638 1137 tus
667 1069 1067 1140 Arethusae!
1156 1071 1338 1151 Quid
1381 1075 1516 1140 iste
1542 1075 1695 1142 fons
1722 1074 2025 1142 faciebat
2049 1076 2141 1141 ad
2184 1075 2463 1142 tutelam
2492 1077 2677 1146 urbis
2692 1077 2723 1140 'l

529 1169 719 1250 Quid
748 1192 882 1240 non
906 1176 1106 1257 longe
1131 1181 1293 1258 post
1318 1176 1552 1244 Insani
1577 1177 1963 1264 monteaad
1985 1177 2237 1242 Sardos
2263 1177 2726 1257 vindicandos,

527 1291 700 1356 quos
739 1274 966 1358 inepte
1005 1275 1308 1358 ingessit,
1349 1283 1426 1344 ut
1463 1285 1645 1346 recte
1672 1279 1940 1346 notavit
1967 1278 2386 1345 Salmasius?
2480 1279 2728 1362 Exagi-

527 1379 706 1440 tatur
733 1396 778 1443 a
806 1377 1167 1444 Plutarcho
1187 1378 1528 1460 Hegesias
1555 1380 1625 1446 in
1655 1379 2035 1446 Alexandri
2064 1377 2299 1461 Magni
2326 1379 2489 1458 vita,
2520 1380 2725 1462 quod,

527 1494 682 1542 cum
707 1484 1038 1544 narrasset
1063 1479 1308 1544 eadem
1333 1487 1540 1547 nocte
1567 1485 1799 1548 natum
1812 1477 2297 1556 Alexandrum,
2318 1483 2387 1543 et
2412 1479 2723 1564 Ephesiae

527 1575 772 1644 Dianae
835 1580 1156 1663 templum
1213 1580 1646 1664 deflagrasse,
1707 1581 2100 1666 subjecerit,
2144 1581 2413 1646 minime
2457 1580 2529 1645 id
2572 1599 2725 1646 esse

525 1679 922 1761 mirandum,
969 1683 1158 1765 quod
1186 1683 1440 1764 Diana,
1475 1703 1631 1750 cum
1662 1684 1735 1750 in
1764 1688 1963 1770 partu
1988 1682 2311 1751 voluisset
2338 1681 2725 1766 Olympiadi

525 1781 796 1862 adesse,
841 1784 1126 1850 abfuerit
1163 1784 1388 1852 domo.
1471 1785 1767 1854 Tantum
1808 1786 1877 1850 in
1920 1783 2050 1852 hoc
2094 1783 2277 1848 dicto
2316 1783 2526 1866 frigus
2568 1801 2723 1846 esse

523 1882 855 1965 praedicat
877 1885 1312 1965 Plutarchus,
1329 1891 1403 1952 ut
1430 1888 1819 1971 extinguere
1838 1891 2077 1971 posset
2102 1887 2325 1970 ipsum
2344 1883 2725 1950 incendium

523 1981 716 2063 illud,
745 1986 928 2070 quod
957 1990 1281 2073 templum
1311 1989 1606 2070 delevit3
1650 1989 1965 2073 quamvis
1993 2006 2129 2052 non
2154 1987 2445 2070 ignorem
2474 1985 2547 2050 id
2574 1985 2722 2050 lau-

525 2083 671 2150 dari
713 2107 760 2153 a
800 2088 1240 2157 disertissimo
1286 2090 1564 2158 Romuli
1614 2097 1959 2176 nepotum,
2002 2089 2381 2172 ascribique
2434 2086 2724 2152 Timaeo.

521 2183 662 2253 Sed
695 2188 1030 2273 judicium
1071 2191 1422 2258 Plutarchi
1459 2193 1572 2258 hic
1613 2192 1852 2258 merito
1880 2191 2221 2274 probatur.
2308 2187 2562 2254 Verum
2588 2206 2725 2252 non

521 2287 750 2352 minus
775 2288 1018 2372 frigida
1041 2296 1146 2354 est
1175 2291 1506 2356 sententia
1535 2291 1725 2356 Flori
1750 2290 1867 2356 lib.
1900 2305 1983 2354 11.
2014 2289 2079 2354 8.
2124 2307 2278 2353 cum
2306 2288 2476 2354 inter
2500 2287 2758 2372 prodi··

523 2387 638 2470 gia
663 2388 1010 2456 retulisset
1040 2389 1410 2456 Cumanum
1435 2389 1824 2476 Apollinem
1864 2389 2175 2469 sudasse,
2206 2391 2619 2470 acutissime,
2662 2391 2725 2456 si

522 2487 682 2556 Diis
709 2491 966 2573 placet,
985 2493 1264 2576 adjicit:
1312 2497 1335 2528 ‘
1363 2492 1505 2560 Sed
1529 2493 1643 2559 hic
1672 2491 2195 2566 faventis,Asiae
2237 2511 2384 2558 suae
2428 2493 2723 2560 numinis

521 2591 728 2656 timor
753 2592 938 2657 erat.’
1025 2593 1396 2658 Murrhedii
1423 2599 1761 2676 stuporem
1792 2598 2072 2658 accusat
2112 2593 2394 2673 Seneca,
2438 2592 2621 2676 quod
2651 2595 2723 2656 in

525 2691 1026 2758 declamatione
1079 2691 1166 2754 de
1219 2690 1564 2774 Pompilio
1603 2693 1857 2758 ferente
1896 2709 2051 2756 cum
2092 2691 2318 2774 capite
2375 2689 2727 2758 Ciceronis

521 2798 942 2878 amputatam
983 2812 1252 2860 manum
1277 2791 1555 2860 dixerit:
1603 2795 1625 2828 ‘
1656 2791 1933 2872 Quanto
1964 2791 2161 2856 aliter
2188 2809 2341 2857 neus
2374 2790 2721 2862 Ciceronis

523 2897 797 2963 tenebat
824 2914 1096 2962 manum
1115 2896 1168 2962 ‘e’
1252 2895 1475 2981 AEque
1517 2896 1859 2981 stupidum
1888 2900 1996 2962 est
2022 2894 2193 2960 illud
2222 2893 2409 2960 Flori
2452 2895 2524 2960 in
2552 2894 2723 2962 libro

525 3013 580 3066 ι.
611 3000 718 3065 10.
765 2999 852 3065 de
882 3000 1098 3067 Bruto
1125 2999 1478 3083 expirante
1505 2999 1578 3064 in
1603 2997 1913 3078 Aruntis,
1954 3016 2153 3082 quem
2182 2996 2547 3077 occiderat,
2576 3015 2723 3064 cor·-

522 3119 719 3185 pore,
763 3105 786 3136 ‘
815 3100 1073 3181 Plane,'
1115 3099 1360 3184 inquit,
1407 3102 1430 3133 ‘
1457 3099 1650 3184 quasi
1680 3097 2059 3164 adulterum
2092 3095 2180 3163 ad
2208 3095 2457 3162 inferos
2484 3116 2721 3183 seque-

523 3202 738 3268 retur!
827 3203 896 3268 N
899 3221 990 3268 on
1011 3202 1232 3266 minus
1255 3200 1466 3268 habet
1493 3219 1779 3266 acumen
1807 3199 1929 3266 lib.
1958 3213 2039 3263 11.
2068 3199 2169 3264 12
2204 3198 2287 3263 de
2314 3197 2589 3264 duobus
2607 3199 2721 3284 ju-

453 3309 462 3318 ‘
521 3305 826 3384 venibus,
870 3303 990 3389 qui
1015 3301 1396 3368 ferebantur
1421 3300 1511 3368 ad
1541 3301 1588 3368 J
1591 3307 1847 3366 uturnse
1876 3301 2101 3366 lacum
2128 3300 2482 3366 nunciasse
2509 3301 2720 3368 victo·

523 3406 694 3472 riam
719 3407 806 3470 de
834 3406 1116 3482 Perseo,
1158 3405 1277 3470 illo
1307 3403 1414 3469 die
1445 3421 1580 3488 quo
1604 3409 1801 3486 parta
1825 3409 1991 3481 erat,
2036 3421 2209 3487 quos
2233 3403 2479 3486 vulgus
2510 3401 2719 3468 credi·

525 3507 702 3572 derit
737 3506 950 3572 fuisse
977 3505 1330 3571 Pollucem
1355 3511 1424 3570 et
1452 3505 1825 3584 Castorem,
1884 3504 2070 3589 quod
2110 3503 2357 3588 gemini
2396 3504 2717 3584 fuissent3

525 3610 706 3694 quod
727 3609 1050 3692 sanguine
1067 3608 1428 3687 maderent,
1459 3607 1645 3675 bello
1666 3607 2071 3674 interfuisse.
2140 3607 2218 3673 Si
2242 3608 2354 3674 hic
2378 3607 2717 3690 desiisset;

523 3729 658 3776 non
681 3710 1088 3794 ineptiisset.
1143 3709 1280 3775 Sed
1309 3729 1462 3776 cum
1491 3710 1827 3794 prioribus
1856 3709 2171 3787 annectit,
2204 3712 2227 3743 ‘
2250 3729 2296 3774 a
2319 3707 2721 3774 Macedonia

515 3813 772 3890 venire,
791 3811 976 3895 quod
1003 3811 1225 3876 adhuc
1247 3809 1685 3889 anhelarent,⁹
1704 3810 1868 3876 nihil
1897 3811 2116 3895 potuit
2134 3809 2353 3876 dicere
2374 3807 2717 3876 insulsiusa

525 3911 700 3992 Quis
725 3931 818 3978 ex
846 3912 1022 3978 alius
1063 3911 1358 3978 anhelitu
1387 3911 1711 3998 conjiciat
1737 3931 1827 3979 ex
1854 3932 1993 3996 quo
2018 3913 2171 3979 loco
2200 3911 2476 3976 veniat?
2564 3905 2718 3974 Col-

521 4014 694 4098 ligas
737 4033 828 4079 ex
861 4011 1163 4078 anhelitu
1207 4013 1438 4078 itinere
1479 4013 1776 4080 celeriter
1804 4033 1956 4080 esse
1988 4012 2373 4080 defunctum
2401 4007 2717 4074 anhelan-

525 4119 684 4192 tem,
707 4113 838 4180 sed
859 4132 996 4178 non
1023 4113 1200 4178 unde
1225 4113 1464 4178 veniat.
1509 4112 1737 4192 Quid‘e
1785 4113 1905 4178 Dii
1926 4133 2015 4180 ne
2042 4115 2177 4176 viae
2207 4110 2545 4178 laboribus
2562 4110 2715 4176 fati-

529 4223 766 4298 gantur
783 4221 853 4282 et
865 4215 1356 4293 exhauriuntur,
1379 4221 1458 4279 ut
1475 4214 1785 4284 anhelent
1799 4217 1830 4279 ‘l
1864 4215 2123 4280 Praeter
2142 4211 2293 4279 haec
2316 4212 2382 4280 in
2402 4215 2625 4282 verbis
2646 4220 2713 4280 et
