3234 4909
634 439 765 507 612

634 599 803 650 cundo
826 599 1135 648 Pauor-mum
1172 591 1375 655 cepisse
1411 599 1592 641 auctor
1612 596 1696 640 est

632 677 821 740 Polyb.
846 689 886 724 1.
908 677 990 722 24.
1014 677 1068 720 et
1088 674 1169 719 38.
1205 668 1534 717 Dictaturam
1546 666 1694 716 iilius

630 767 735 802 non
758 753 1026 808 memorat,
1048 744 1225 805 credo,
1244 741 1383 808 quod
1410 741 1535 791 nihil
1551 742 1608 790 ,in
1629 755 1694 790 ea

632 826 969 879 memorabile
1008 822 1187 886 gessit,
1220 826 1277 868 ut
1310 819 1540 868 Zonaras
1573 830 1694 867 vm.

638 910 721 956 15.
758 909 814 954 et
848 902 950 951 Dio
974 900 1091 949 Lib.
1128 909 1327 946 xxxvi.
1366 909 1418 957 p.
1456 897 1538 944 16.
1574 891 1697 942 scri·

633 981 783 1030 bunt.
819 1013 825 1018 -
852 977 1090 1027 Aurelius
1124 970 1409 1024 Ἥρωι-,(18
1454 969 1694 1020 Calatino

634 1073 683 1108 c.
707 1068 907 1106 xxxix.
952 1056 968 1081 ‘
988 1053 1154 1113 Enna,
1171 1050 1440 1112 Drepano,
1462 1042 1696 1108 Lilyboeo

631 1131 843 1181 hostilia
866 1127 1108 1193 praesidia
1140 1125 1353 1189 dejecit,
1380 1123 1696 1172 Panormum

634 1207 813 1270 cepit?
882 1203 988 1254 Sed
1030 1201 1323 1250 verosimile
1363 1205 1444 1247 est
1482 1202 1699 1259 propter

634 1282 906 1332 continuos
946 1279 1099 1327 trium
1139 1274 1416 1324 Atiliorum
1455 1271 1698 1322 Consula-

634 1365 741 1418 tus,
760 1367 815 1406 et
837 1353 1097 1412 victorias,
1112 1365 1195 1400 res
1216 1351 1281 1399 ab
1304 1349 1366 1397 iis
1390 1355 1558 1410 gestas
1580 1359 1700 1396 con.

634 1433 803 1484 fundi.
874 1429 993 1478 vid.
1027 1427 1267 1488 Pighium
1300 1425 1365 1473 ad
1406 1423 1473 1473 A.
1494 1423 1562 1471 U.
1582 1425 1699 1470 496.

636 1511 936 1574 cognomen
976 1504 1127 1568 hujus
1165 1500 1312 1550 Atilii
1350 1501 1401 1549 in
1436 1499 1640 1547 Zonara
1661 1497 1697 1544 l.

635 1587 685 1636 d.
704 1601 760 1636 et
782 1599 895 1646 cap.
914 1587 993 1632 14.
1018 1591 1291 1643 perperam
1312 1575 1481 1626 editur
1504 1579 1698 1621 Κολλα-

1340 449 1557 499 NorAE
1607 419 2007 498 unionum
2055 446 2134 495 m

1769 589 2022 653 drigarius
2063 590 2080 616 ⁸
2099 585 2406 638 Laberium)
2455 585 2622 636 Caute
2665 584 2832 648 igitur

1767 665 2003 714 Frontin.
2025 665 2258 727 Strateg.
2277 669 2330 725 4,
2351 667 2404 723 6,
2419 665 2514 711 lo..
2547 662 2564 689 ‘
2585 661 2659 723 Is,
2679 661 2832 724 cnjus

1769 737 1912 789 varie
1930 739 2190 789 tradidere
2221 736 2444 787 nomeu.'
2494 735 2831 787 Dissentinut

1770 815 1926 864 etiam
1947 815 2002 864 in
2027 815 2246 864 militnm
2285 825 2516 862 numero.
2581 811 2830 860 Ceterum

1771 898 1892 942 ante
1911 892 2066 953 hunc,
2086 890 2239 940 salvis
2260 890 2418 940 etiam
2433 887 2684 938 militibus
2705 889 2831 949 suis,

1771 967 2059 1017 exercitum
2114 967 2262 1016 Rom.
2318 965 2519 1015 Decius
2565 963 2830 1026 liberavit,

1773 1043 1886 1093 Liv.
1907 1047 1958 1105 7,
1975 1048 2056 1093 84.
2079 1043 2174 1092 dte.
2197 1041 2334 1091 Plin.
2355 1044 2439 1098 22,
2461 1045 2512 1088 5.
2547 1039 2635 1088 Fr,

1838 1117 2071 1178 lusesium
2091 1125 2139 1168 et
2157 1119 2380 1167 insessum
2409 1116 2469 1164 ab
2507 1114 2718 1163 hodiem
2749 1119 2832 1162 tnr-

1771 1196 1968 1259 mnlnm]
2019 1197 2082 1245 Iu
2116 1203 2344 1250 mentem
2371 1191 2642 1256 aliquando
2673 1205 2832 1239 venc-

1773 1281 1873 1334 rat,
1895 1273 2114 1332 infestum
2137 1267 2233 1321 boi:
2257 1273 2373 1320 loco
2391 1281 2458 1317 ex
2473 1267 2700 1316 variante
2713 1267 2830 1314 Jec-

1773 1349 1914 1399 tione
1957 1355 2154 1398 natum.
2235 1345 2407 1409 Hujus
2459 1342 2649 1392 mentis
2700 1339 2830 1390 mini

1773 1431 1957 1475 auctor
1991 1422 2140 1476 Jord.
2173 1423 2262 1486 qui
2294 1419 2370 1468 ita
2401 1421 2536 1466 hum:
2573 1417 2738 1465 locum
2758 1430 2830 1463 ex

1772 1502 1926 1551 Floro
1962 1499 2171 1549 retulit:
2227 1496 2326 1552 Qui
2361 1497 2484 1544 lecta
2519 1497 2832 1541 trecentorum

1771 1591 1912 1626 mann
1941 1577 2170 1625 insessum
2205 1571 2414 1621 hostibus
2449 1569 2682 1618 emulum
2701 1581 2834 1615 oocu-

632 1665 777 1724 τῖνος,
806 1670 863 1711 et
884 1674 999 1723 cap.
1026 1661 1104 1707 11.
1152 1654 1364 1716 Λατῖνος,
1403 1664 1496 1714 pro
1536 1655 1699 1697 Καλα-
1767 1655 1921 1716 puoit.
1987 1652 2145 1701 Nunc.
2163 1661 2387 1710 agnosco
2420 1643 2549 1693 nihil
2583 1657 2650 1692 ex
2689 1643 2832 1691 Flori

632 1757 957 1873 *tvgimo’
977 1807 1155 1874 Eryce]
1184 1807 1247 1856 ln
1264 1803 1552 1855 Nazariano
1572 1803 1698 1864 Ery-

634 1907 717 1941 co.-
754 1891 814 1939 In
858 1889 967 1938 Pal.
990 1894 1040 1937 2.
1076 1885 1255 1946 Eryco,
1278 1889 1333 1928 et
1366 1879 1591 1927 fortasse
1616 1892 1701 1926 ve·

634 1979 751 2013 rum
771 1971 868 2010 est.
918 1957 1239 2022 ’prmmrbs
1258 1954 1462 2004 Siciliae.
1514 1952 1698 2001 Latine

1773 1727 1942 1777 verbis
1963 1739 2076 1774 esse
2104 1722 2404 1773 tollendum.
2473 1720 2592 1769 Non
2625 1725 2830 1768 tantum

1773 1805 1994 1852 insessus
2017 1801 2084 1849 ab
2104 1789 2335 1848 hostibus
2357 1796 2445 1845 ille
2479 1794 2719 1854 tumulus,
2737 1793 2832 1841 sed

1773 1880 1927 1927 etiam
1945 1877 2162 1925 infestus
2179 1883 2234 1924 et
2251 1873 2454 1936 iniquus
2471 1869 2572 1918 fnit
2589 1869 2832 1917 Romano.

1773 1955 1920 2018 Epit.
1943 1952 2057 2002 Liv.
2081 1951 2282 2000 Auctor
2319 1947 2406 1996 lib.
2434 1959 2573 1995 xvir.
2593 1944 2828 1994 eamdem

639 2040 819 2101 Eryco.
884 2037 994 2086 Nos
1018 2036 1172 2097 Eryco
1196 2040 1367 2078 tamen
1398 2028 1698 2078 retinemus.
1770 2030 1904 2079 hanc
1933 2042 2038 2077 rem
2062 2039 2306 2076 narransz
2357 2024 2373 2050 ‘
2396 2021 2616 2071 Attilius
2635 2018 2830 2070 Calati-

636 2121 651 2144 ‘
678 2113 905 2180 Erycus’
928 2126 1043 2176 pro,
1084 2111 1244 2171 Eryx.
1279 2106 1382 2155 Sul.
1452 2103 1620 2168 Ryck.
1643 2102 1702 2151 li-

638 2192 735 2241 ber
780 2203 927 2254 aeque
968 2196 1027 2236 ut
1066 2187 1255 2236 Nazar.
1308 2180 1466 2229 Erico.
1522 2179 1697 2227 Graev.

639 2269 799 2332 Eryco
818 2265 926 2327 hic,
944 2271 1000 2312 et
1023 2263 1087 2311 ad
1113 2273 1175 2309 n.
1204 2262 1281 2308 12.
1302 2261 1351 2305 6.
1388 2269 1489 2304 non
1528 2253 1700 2316 place-

635 2345 731 2392 bat
758 2343 875 2392 Nic.
908 2339 1149 2397 Heinsio,
1178 2343 1235 2383 et
1268 2339 1432 2392 recte,
1454 2330 1509 2378 ni
1528 2328 1697 2377 fallor.

637 2421 874 2483 Begerus
901 2425 1071 2466 tamen
1096 2409 1305 2475 putavit
1324 2407 1420 2456 sibi
1444 2405 1602 2454 licere
1626 2405 1702 2453 ita.

637 2495 812 2546 edere.
878 2493 1075 2542 Panhor
1110 2487 1319 2537 τηρήσαι·
1355 2484 1510 2547 Lybeo
1546 2483 1702 2532 Voss.

636 2575 686 2622 2.
736 2568 923 2635 ‘Eprium
942 2581 1095 2632 quam
1136 2565 1217 2612 hic
1239 2569 1490 2611 memorat
1510 2559 1704 2608 Salma-

639 2645 763 2709 sius,
808 2650 890 2694 est
932 2642 1138 2707 quidem
1178 2637 1299 2688 urbs
1338 2636 1559 2694 Siciliae5
1608 2634 1702 2683 sed

640 2735 744 2771 non
768 2734 851 2782 ea,
886 2719 953 2768 de
986 2731 1088 2782 qua
1126 2715 1210 2764 liic
1246 2714 1358 2778 agit
1388 2713 1586 2772 Florus,
1619 2710 1706 2759 cui

629 2795 771 2858 Ἔρυξ
810 2809 995 2843 nomen
1038 2798 1136 2840 est.
1188 2789 1312 2838 vid.
1356 2787 1594 2836 Holsten.
1635 2785 1702 2836 ad

637 2871 824 2934 steph.
848 2871 898 2918 in
919 2866 1091 2932 Ἔρῦκη
1114 2872 1171 2916 et
1184 2864 1338 2929 Ἔρυξ.

708 2945 969 3008 Dete-exit]
1025 2944 1141 2994 Liv.
1186 2953 1388 2991 xxvur.
1428 2942 1511 2988 41.
1574 2937 1590 2964 ‘
1616 2935 1702 2986 Ab

642 3020 905 3084 Drepanis
925 3026 1080 3082 atque
1113 3017 1281 3079 Eryce
1309 3012 1598 3062 detraxisse
1633 3009 1702 3058 A·

638 3097 919 3156 milcarem,
940 3107 1091 3158 quam
1112 3091 1267 3140 Italia
1302 3089 1563 3152 expulisse
1584 3087 1706 3136 Ρω-

642 3188 737 3222 nos
758 3179 913 3234 atque
931 3166 1416 3230 Annibalem‚malis
1432 3164 1467 3213 ?'
1500 3172 1555 3214 et
1570 3177 1705 3215 xxx.

640 3253 722 3297 20.
759 3253 774 3275 ‘
802 3246 936 3294 Haec
962 3256 1229 3302 accusans,
1262 3253 1601 3303 querensque,
1638 3251 1706 3287 ex

644 3321 844 3371 diutina
865 3316 1189 3384 possessione
1210 3312 1384 3364 ltaliae
1402 3318 1485 3361 est
1503 3310 1706 3362 detrac-

645 3397 768 3448 tus)

688 3477 736 3538 §.
751 3478 812 3523 13
833 3473 975 3521 Circa
993 3465 1419 3528 Camerinensium]
1432 3466 1561 3516 Nu.
1574 3463 1708 3513 Pall.

644 3550 810 3613 Ryck.
834 3549 998 3609 Regg.
1020 3543 1211 3594 Duisb.
1236 3544 1386 3596 Fran.
1410 3541 1560 3590 Voss.
1580 3543 1630 3588 2.
1653 3547 1708 3588 et

642 3639 693 3675 ν.
719 3639 767 3674 e.
804 3623 932 3672 circa
971 3618 1308 3668 Meu-inexustum
1339 3617 1523 3664 nuum.
1557 3613 1709 3662 Voss.

645 3705 696 3750 8.
730 3700 857 3748 circu
898 3693 1253 3744 Metimsium.
1286 3690 1407 3741 vid.
1444 3690 1599 3738 Salm.
1640 3687 1707 3737 ad

646 3791 687 3828 1.
712 3780 792 3826 18.
816 3778 897 3824 17.
1139 3769 1147 3777 ’

716 3849 967 3915 Calpurnii
1010 3843 1259 3906 Mamm]
1311 3843 1391 3891 De
1428 3843 1527 3891 hoc
1569 3839 1709 3890 Plin.

646 3933 730 3992 22,
748 3933 797 3976 6.
821 3927 933 3975 Liv.
956 3927 1041 3985 22,
1059 3925 1244 3971 00.-10.
1260 3925 1316 3968 et
1333 3919 1445 3981 ejus
1460 3916 1605 3980 Epit.
1626 3919 1707 3965 17.

650 4007 711 4054 1..
736 3991 1035 4065 Ampelius:
1067 4000 1084 4029 ⁴
1106 3993 1458 4046 Trecentisub
1492 3994 1710 4056 Calpur·

647 4082 735 4130 nio
780 4079 1009 4128 Flamma
1044 4079 1227 4124 contra
1258 4070 1482 4120 Poenos:
1534 4069 1624 4133 qui
1655 4068 1709 4116 in

648 4157 906 4208 Siciliensi
929 4155 1065 4203 saltu
1082 4159 1283 4202 mortuo
1308 4145 1577 4204 exercitu:
1608 4149 1708 4195 διο.

649 4232 884 4296 legerim,
903 4229 1121 4279 mor-im.
1160 4227 1233 4276 Μ.
1252 4227 1407 4288 Cato,
1421 4239 1505 4288 ap.
1537 4222 1707 4286 Agell.

652 4315 703 4373 3,
722 4315 772 4362 7.
803 4313 817 4338 ⁶
838 4311 910 4362 Q.
930 4304 1234 4360 Caeditiunn’
1270 4309 1450 4365 vocat3
1482 4303 1552 4354 cl.
1568 4300 1710 4353 Qua-

1773 2121 1867 2155 nus
1889 2105 2091 2165 consul,
2109 2118 2224 2154 cum
2253 2103 2304 2150 in
2339 2103 2508 2149 locum
2548 2097 2776 2161 iniquum
2798 2110 2831 2144 a

1775 2182 1952 2231 Poenis
1972 2180 2361 2230 circumsessum
2383 2182 2580 2224 temere
2601 2171 2832 2220 duxisset

1774 2257 2080 2318 exercitum,
2101 2257 2178 2306 M.
2219 2251 2486 2316 Calpurnii
2521 2248 2717 2298 tribuni
2741 2247 2836 2296 mi·

1775 2332 1922 2383 litum
1946 2333 2134 2381 virtute
2172 2336 2229 2378 et
2267 2341 2428 2390 opera
2465 2323 2663 2374 evasit:
2728 2323 2834 2371 No-

1777 2409 1990 2458 tandum
2015 2419 2187 2470 porro,
2205 2417 2305 2453 non
2343 2403 2590 2451 insessum
2619 2397 2684 2446 ab
2719 2398 2836 2446 hos·

1778 2484 1916 2534 tibus
1939 2483 2118 2533 dicere
2142 2481 2286 2529 illum
2325 2475 2596 2536 tumulum,
2617 2473 2711 2522 sed
2733 2471 2834 2522 cit-

1779 2572 2113 2618 cumsessum,
2135 2556 2187 2604 iu
2205 2552 2378 2602 medio
2399 2551 2594 2616 quippe
2609 2549 2836 2598 hostium

1777 2634 1929 2695 situs,
1949 2633 2012 2681 ad
2037 2645 2208 2696 quem,
2229 2627 2504 2690 eruptione
2527 2639 2620 2688 per
2639 2622 2838 2673 medios

1779 2711 1953 2761 hostes
1990 2708 2150 2771 facta,
2199 2702 2505 2768 capiendum
2561 2699 2837 2750 contendit

1781 2785 2110 2850 Calpurnius,
2135 2791 2192 2833 ut
2229 2783 2422 2831 Poenos
2456 2779 2510 2828 in
2545 2793 2603 2827 se
2625 2792 2841 2828 conver-

1779 2869 1935 2925 teret,
1951 2869 2004 2909 et
2020 2859 2240 2923 spatium
2266 2856 2418 2906 daret
2439 2861 2615 2906 cetero
2636 2855 2842 2903 exerci-

1780 2938 1854 2988 tui
1898 2936 2166 2987 evadendi.
2231 2933 2382 2986 Quod
2421 2947 2524 2982 non
2562 2931 2723 2980 solum
2769 2945 2840 2980 ex

1777 3015 1868 3065 illo
1901 3015 2170 3078 Epitomes
2191 3012 2308 3061 loco
2330 3009 2605 3070 noscimus,
2627 3005 2718 3057 sed
2740 3007 2842 3056 eti·

1780 3110 1860 3144 am
1883 3109 1950 3143 ex
1975 3094 2138 3143 altero
2163 3089 2317 3153 Livii,
2341 3088 2431 3138 lib.
2468 3101 2610 3136 1111.
2631 3101 2695 3135 ex
2717 3099 2842 3134 ora-

1782 3171 1926 3219 tione
1947 3167 2128 3216 Manlii
2141 3165 2407 3228 Torquati,
2419 3163 2506 3214 ubi
2524 3165 2635 3212 hoec
2647 3159 2807 3211 rerba
2817 3177 2835 3210 ι

1777 3247 1793 3274 ‘
1815 3247 1966 3296 Sicut
2008 3243 2157 3294 nobis
2207 3239 2623 3292 adolescentibus
2664 3239 2841 3302 priore

1780 3321 1984 3371 Punico
2002 3319 2138 3369 bello
2161 3318 2473 3381 Calpurnius
2489 3317 2712 3364 Flamma
2732 3323 2841 3364 tre-

1782 3395 1948 3445 centis
1983 3393 2308 3454 voluntariis,
2344 3407 2460 3440 cum
2481 3391 2548 3440 ad
2587 3390 2841 3440 tumulum

1783 3487 1873 3522 eos
1917 3470 2244 3534 capiendum,
2281 3469 2436 3518 sitnm
2471 3469 2607 3517 inter
2637 3465 2838 3514 medios

1780 3548 1974 3609 hostes,
1989 3545 2225 3607 duceret,
2247 3544 2402 3605 dixit,
2421 3543 2724 3604 Moriamur,
2743 3541 2842 3588 mi-

1781 3623 1920 3681 lites,
1957 3628 2015 3688 et
2048 3629 2214 3669 morte
2247 3625 2424 3669 nostra
2459 3618 2735 3681 eripiamus
2771 3629 2842 3663 ex

1783 3696 2048 3747 obsidione
2124 3695 2499 3744 circumventas
2572 3690 2844 3756 legiones!

1784 3772 1907 3823 Non
1941 3770 2098 3834 igitur
2133 3770 2350 3819 insessus
2388 3768 2454 3818 ab
2492 3767 2722 3818 hostibus
2749 3765 2843 3814 ille

1784 3847 2028 3909 tumulus,
2047 3851 2107 3894 ut
2127 3845 2242 3894 heic
2266 3845 2376 3894 vult
2397 3844 2600 3899 Florus,
2621 3841 2712 3890 sed
2739 3840 2844 3889 cir-

1783 3935 2093 3983 cumsessus,
2113 3935 2212 3969 nec
2235 3918 2548 3970 deturbandi
2573 3919 2748 3967 hostes
2771 3930 2842 3965 ex

1786 4012 1848 4048 eo
1869 3997 1986 4047 loco
2023 3994 2188 4056 fuere,
2224 4008 2378 4060 quem
2415 4009 2518 4043 non
2553 4005 2846 4055 occupave-

1787 4069 1926 4134 runt,
1949 4071 2038 4120 sed
2057 4071 2136 4119 his
2154 4070 2414 4134 perruptis
2433 4083 2622 4119 vacuus
2639 4065 2741 4115 fuit
2755 4081 2848 4115 ca-

1787 4147 2025 4213 piendus.
2090 4145 2218 4196 Ideo
2255 4143 2497 4196 infestum
2519 4151 2578 4192 et
2611 4141 2844 4205 iniquum

1787 4222 1920 4272 dixit
1934 4223 2076 4272 illum
2099 4223 2366 4284 tumulum,
2387 4220 2512 4285 quia
2533 4233 2650 4269 enm
2664 4218 2843 4266 hostes

1787 4295 2253 4350 clreumsedebant.
2272 4295 2378 4348 Sat.
2431 4293 2667 4355 Infestus
2688 4308 2721 4342 a
2733 4305 2846 4341 var.
