3234 4909
590 379 723 449 394
1392 391 1600 448 huon
1648 389 1965 448 aarum

593 543 744 630 ejus
773 543 884 610 siti
901 537 1322 626 affligeretur,
1352 544 1526 609 aries
1555 543 1656 608 eis
1682 559 1929 626 aquam
1954 537 2467 623 demonstravit3
2488 547 2557 608 et
2584 545 2675 610 ob
2701 537 2775 612 id

594 665 641 712 a
670 647 913 712 Libero
951 644 1148 712 Jovis
1175 643 1466 710 Ammon
1491 652 1599 713 est
1627 644 2029 729 appellatae,
2054 643 2249 727 eique
2273 643 2503 709 fanum
2525 647 2775 730 magni-

593 746 792 813 ficum
820 747 1003 826 fecit,
1032 744 1120 838 ad
1147 766 1302 812 eum
1324 747 1554 813 locum
1583 747 1703 812 ubi
1722 764 1974 842 ,aquam
1998 745 2266 810 invenit.
2354 742 2560 825 Quod
2584 749 2780 815 abest

594 850 682 914 ab
710 848 1006 933 AEfflpto
1033 853 1101 914 et
1115 847 1532 914 Alexandria
1551 848 1763 913 millia
1785 865 2108 932 passuum
2133 853 2421 914 novem.¹
2487 847 2597 913 Ob
2624 869 2779 916 eam

593 969 736 1015 rem
775 967 820 1014 a
859 949 908 1016 J
909 969 1036 1016 ove
1079 950 1299 1036 petiit,
1343 955 1419 1016 ut
1456 951 1528 1015 in
1571 950 1790 1016 sidera
1828 949 2263 1034 reciperetur.
2348 947 2495 1015 Alii
2518 955 2777 1034 putant,

593 1071 749 1117 eum
769 1065 938 1132 esse,
958 1053 1071 1136 qui
1096 1051 1344 1118 Hellen
1365 1055 1434 1116 et
1461 1050 1811 1135 Phryxum
1828 1050 2102 1117 vexerit.
2160 1050 2429 1116 Taurus
2450 1051 2777 1118 beneficio

591 1151 820 1231 Jovis,
853 1173 1051 1238 quem
1078 1152 1342 1237 Jupiter
1369 1171 1415 1217 a
1450 1150 1766 1236 Neptuno
1792 1151 1989 1218 fratre
2014 1172 2135 1237 per
2165 1153 2441 1236 gratiam
2469 1153 2779 1232 abduxit,

596 1255 713 1339 qui
742 1273 1018 1320 sensum
1041 1253 1401 1319 humanum
1429 1253 1648 1337 figura
1672 1253 1883 1320 Tauri
1925 1256 2327 1334 continebat,
2355 1255 2552 1339 isque
2578 1253 2625 1319 J
2628 1255 2781 1320 ovis

437 1393 440 1398 .
584 1357 790 1441 jussu
817 1355 1160 1441 Europam
1198 1354 1526 1439 Agenoris
1552 1356 1785 1434 filiam,
1816 1353 2121 1422 Sidoniaa
2166 1352 2467 1421 alludens
2492 1355 2779 1439 decepit,

595 1463 666 1524 et
689 1477 840 1524 eam
867 1457 1137 1524 Cretam
1177 1456 1574 1541 deportavit.
1664 1454 1773 1521 Ob
1802 1475 1952 1522 eam
1992 1475 2135 1523 rem
2163 1457 2435 1541 Jupiter
2458 1456 2527 1521 in
2552 1455 2781 1522 sideri·

596 1562 729 1626 bus
779 1578 926 1625 eum
971 1560 1284 1646 dignatus
1340 1564 1444 1625 est
1481 1559 1847 1625 immortali
1900 1558 2241 1624 memoria.
2326 1558 2616 1639 Gemini,
2663 1560 2782 1644 qui

597 1661 1066 1730 Samothraces
1107 1662 1522 1727 nominantur
1570 1681 1747 1741 esse,
1790 1670 2071 1746 quorum
2112 1667 2554 1744 argumentum
2594 1661 2781 1726 nefas

596 1769 702 1830 est
745 1764 1168 1848 pronuntiare
1218 1767 1466 1848 proeter
1506 1781 1646 1843 eos,
1678 1761 1797 1848 qui
1837 1764 1907 1828 in
1946 1763 2057 1828 his
2098 1767 2355 1848 praesto
2380 1767 2555 1830 sunt.
2641 1763 2785 1829 Alii

597 1863 940 1930 Castorem
965 1871 1036 1930 et
1061 1863 1410 1930 Pollucem
1439 1863 1685 1945 dicunt,
1709 1861 1889 1950 quod
1910 1865 1981 1930 hi
1999 1864 2337 1950 principes
2364 1884 2549 1931 mare
2572 1871 2787 1932 tutum

595 1987 642 2031 a
663 1964 1098 2049 proedonibus
1125 1964 1624 2050 proestitissent.
1714 1966 1883 2032 Sunt
1910 1967 2031 2050 qui
2072 1965 2301 2030 dicant
2328 1965 2688 2032 Herculem
2717 1969 2789 2032 et

596 2067 953 2146 Theseum,
979 2066 1166 2151 quod
1187 2066 1430 2133 similia
1449 2067 1637 2133 athla
1654 2067 1790 2134 sint
1804 2067 2053 2152 adepti.
2126 2065 2406 2145 Cancer,
2432 2065 2787 2147 Carcinus,

598 2174 906 2255 receptus
931 2169 1258 2235 beneficio
1285 2170 1592 2254 sunonis,
1631 2171 1817 2254 quod
1852 2169 1997 2256 ejus
2016 2168 2243 2254 jussu,
2268 2188 2424 2235 cum
2450 2168 2786 2238 Hercules

597 2273 842 2336 missus
888 2279 1075 2336 esset
1117 2271 1208 2336 ad
1261 2272 1572 2356 Hydram
1613 2271 1981 2350 Lernoeam,
2016 2289 2219 2354 quam
2261 2289 2389 2336 nos
2433 2268 2789 2338 Excetram

599 2370 913 2451 dicimus,
942 2371 1485 2452 interficiendam,
1507 2371 1838 2438 Carcinus
1854 2373 2211 2456 ingressus,
2243 2371 2561 2438 Herculis
2580 2373 2787 2456 pedes

595 2477 669 2537 et
695 2490 892 2538 crura
918 2474 1212 2553 lanians,
1241 2473 1826 2540 incommodiorem
1853 2473 2147 2540 faciebat
2183 2492 2363 2552 eum,
2393 2490 2595 2558 quam
2634 2474 2790 2559 ipsa

597 2571 912 2639 Excetra.
997 2574 1214 2659 quue
1240 2576 1492 2641 malum
1515 2575 1847 2642 Hercules
1866 2575 2325 2642 difficillimum
2350 2574 2603 2656 habuit,
2620 2576 2789 2650 Car-

597 2675 953 2759 cinumque
981 2675 1310 2742 Cancrum
1333 2678 1422 2743 ob
1441 2676 1514 2742 id
1539 2675 1789 2742 factum
1806 2676 1987 2742 June
2008 2677 2338 2744 sideribus
2369 2681 2474 2743 est
2498 2677 2791 2762 dig-nata.

597 2773 764 2854 Leo,
795 2776 1034 2852 Leon.³
1065 2776 1181 2861 qui
1207 2777 1532 2842 educatus
1575 2781 1683 2842 est
1721 2777 2023 2858 Nemeae,
2053 2779 2341 2845 sunonis
2384 2779 2669 2846 consilio
2700 2779 2791 2847 ad

599 2875 923 2942 Herculis
971 2878 1308 2944 interitum
1355 2879 1626 2957 missus,
1668 2877 1739 2943 in
1782 2883 1952 2944 terra
1999 2878 2253 2961 Argiva
2300 2881 2421 2948 diu
2470 2882 2793 2966 spelunca

597 2975 904 3056 latitavit,
931 2998 1129 3061 quem
1161 2977 1498 3044 Hercules
1525 2977 1769 3045 dicitur
1808 2979 2225 3047 interfecisse
2267 3001 2417 3048 cum
2440 2981 2791 3049 Molorcho

597 3075 867 3162 hospite
913 3099 1065 3158 suo,
1113 3082 1306 3165 quus
1349 3081 1613 3147 clavam
1656 3083 1720 3146 ei
1769 3081 2079 3147 tributam
2122 3087 2263 3148 tum
2314 3084 2644 3169 principio
2686 3090 2795 3151 est

598 3174 904 3259 adeptus,
935 3198 1073 3261 qua
1101 3179 1402 3245 Leonem
1423 3183 1775 3261 interfecit,
1805 3182 2089 3267 ejusque
2118 3185 2359 3269 pellem
2396 3191 2633 3271 postea
2660 3205 2791 3269 pro

599 3281 976 3359 tegumento
1007 3279 1254 3346 habuit.
1343 3279 1452 3348 Ob
1480 3281 1552 3348 id
1595 3284 1845 3350 factum
1872 3284 2135 3350 Iunoni
2182 3287 2343 3353 odio
2366 3305 2519 3352 esse
2558 3286 2793 3370 ooepit,

600 3373 1032 3466 leonemque
1057 3380 1325 3452 coelesti
1366 3383 1691 3468 dignitate
1718 3387 1823 3455 est
1848 3385 2225 3452 honoratas
2307 3387 2541 3472 Virgo,
2586 3407 2791 3472 quam

1584 3591 1801 3643 Nove

542 3727 548 3734 ·
667 3721 695 3767 1
737 3717 938 3781 Novem]
1015 3718 1138 3769 Hoc
1193 3725 1494 3784 corruptum
1538 3727 1650 3772 est:
1734 3721 1788 3770 in
1810 3719 1983 3772 Rnfln.
2005 3726 2120 3776 887.
2152 3729 2211 3775 et
2228 3721 2334 3774 alii.
2370 3723 2490 3776 vid.
2524 3725 2709 3780 Barth.
2728 3727 2799 3778 ad

599 3805 720 3845 nam
741 3807 834 3843 sex
851 3793 1052 3844 dlerum
1067 3795 1253 3845 itinere
1268 3811 1299 3846 a
1315 3797 1542 3847 Mareoti
1564 3812 1656 3861 pa·
1735 3796 2006 3848 Claudian.
2046 3805 2103 3849 et
2126 3798 2320 3850 cellar.
2342 3813 2405 3850 rr.
2440 3801 2639 3867 Geossr.
2664 3803 2795 3854 Ant.

601 3869 726 3920 lude
779 3867 1004 3920 abfuisse
1057 3870 1324 3935 colligitur
1376 3888 1408 3922 e
1451 3873 1655 3928 Curuo.
1736 3874 1815 3925 1⁸.

601 3946 837 4002 Freinsh.
861 3945 926 3996 ad
953 3947 1099 3997 curt.
1123 3961 1201 3996 ιν.
1224 3951 1274 3998 7.
1301 3953 1384 3998 16.
1797 3952 1830 3997 4
1868 3949 1962 4000 Eut
2002 3949 2255 4014 meme]
2327 3951 2458 4015 Pro,
2501 3953 2799 4006 honoravit.

664 4026 698 4072 2
729 4021 956 4085 wenis]
987 4020 1255 4086 fliam,
1277 4023 1462 4073 Heius.
1736 4023 1902 4075 Plura
1922 4026 2210 4090 hujusmodi
2244 4025 2351 4078 vid.
2386 4041 2474 4094 ap.
2491 4027 2704 4080 Salmas·
2728 4030 2799 4081 ad

665 4103 698 4148 ⁸
731 4097 1018 4162 Βηιιωι]
1069 4096 1167 4147 Lao
1191 4097 1451 4161 Cum-⁸,
1487 4097 1657 4154 Idem.
1734 4097 1896 4154 Solia.
1920 4114 1975 4164 p.
1996 4104 2077 4152 38.
2145 4100 2279 4153 Add.
2318 4117 2437 4168 quo
2470 4105 2539 4158 ad
2574 4105 2710 4160 Ποῖ.
2730 4119 2799 4158 ιι.

599 4172 686 4224 Sic
713 4175 910 4230 Auctor
925 4173 1146 4238 Epistol.
1164 4173 1369 4224 Paridis
1385 4173 1450 4224 ad
1466 4173 1657 4234 OEnon.
1740 4179 1817 4228 1⁷.
1840 4179 1919 4230 11.
1952 4181 2354 4232 annotatasunt.

605 4261 678 4300 vn.
701 4253 782 4301 ⁴⁶.
816 4251 1010 4304 Lucan.
1049 4263 1126 4305 nv.
1153 4251 1271 4304 012.
1321 4250 1654 4306 claudian-1.
