3234 4909
562 365 652 433 16
1379 383 1437 431 J.
1483 381 1548 427 o.
1597 378 1950 428 onfflvms

563 547 716 593 cum
769 526 1070 610 Capuam
1129 533 1514 590 annumerat
1571 522 1850 588 urbibus
1911 521 2133 588 Italiae
2187 523 2549 601 maritimis,
2596 541 2751 590 cum

564 629 920 694 Falernum
972 632 1042 691 et
1087 626 1464 692 Massicum
1517 629 1807 690 montem
1856 629 2169 709 tanquam
2212 623 2393 690 duos
2452 624 2753 690 diversos

563 733 820 796 montes
847 733 1333 805 commemorat,
1371 746 1524 792 cum
1550 745 1727 791 unus
1754 726 2058 810 idemque
2084 725 2199 804 sit,
2238 731 2308 790 et
2354 745 2493 791 non
2532 744 2755 811 pauca

562 833 760 916 hujus
787 831 1013 896 farinae
1042 831 1197 908 alia,
1248 847 1404 914 quae
1451 829 1538 892 ab
1583 829 1690 905 iis,
1739 828 1854 912 qui
1900 828 2077 892 hunc
2122 826 2511 911 scriptorem
2554 829 2757 894 inter-

563 939 918 1018 pretantur,
947 940 1105 997 suut
1129 933 1450 998 tironibus
1479 929 1858 1006 indicanda,
1888 949 1969 995 ne
2008 929 2183 994 falsa
2207 949 2333 1014 pro
2359 929 2533 994 veris
2562 929 2759 996 imbi-

495 1045 502 1052 '
564 1036 739 1100 bant.
843 1033 1154 1117 Alioquin
1201 1033 1418 1097 animo
1477 1051 1608 1096 non
1658 1033 1825 1097 satis
1881 1048 2079 1114 aequo
2134 1030 2277 1096 fero
2334 1031 2758 1116 supercilium

565 1133 1030 1200 nonnullorum
1059 1133 1420 1209 hominum,
1450 1131 1659 1216 quiin
1685 1130 2021 1198 veteribus
2046 1131 2510 1216 scriptoribus,
2536 1132 2757 1216 iisque

564 1234 1158 1318 praestantissimiS,
1187 1240 1256 1300 et
1285 1249 1487 1317 supra
1509 1251 1777 1296 omnem
1830 1231 2077 1316 ingenii
2129 1231 2370 1310 aleam,
2396 1237 2470 1297 ut
2518 1233 2619 1298 sic
2660 1232 2761 1298 di·

564 1354 739 1414 cam,
769 1337 1041 1414 evectis,
1071 1334 1379 1402 notandis
1427 1342 1500 1399 et
1542 1333 1993 1418 vituperandis
2041 1339 2177 1398 tam
2215 1334 2427 1399 severi
2468 1339 2535 1398 et
2580 1333 2763 1418 inge·

564 1437 739 1504 niosi
768 1437 993 1505 volunt
1019 1437 1257 1515 videri,
1289 1441 1362 1501 ut
1413 1434 1739 1520 quicquid
1768 1435 2025 1500 illorum
2052 1435 2343 1519 superbo
2372 1435 2603 1519 palato
2630 1455 2763 1500 non

564 1537 948 1624 respondet,
978 1539 1287 1604 damnent
1330 1543 1400 1602 et
1435 1537 1759 1622 jugulent.
1848 1534 2203 1613 Nimirum,
2247 1538 2270 1569 ‘
2300 1539 2379 1600 ut
2417 1534 2764 1602 videantur

567 1658 833 1724 sapere,
865 1639 1112 1706 coelum
1140 1636 1567 1722 vituperant!
1655 1634 1751 1702 At
1780 1655 1933 1702 cum
1974 1637 2116 1702 sine
2166 1637 2401 1721 populi
2452 1636 2765 1721 suffragio

567 1746 792 1822 gerant
847 1739 1260 1816 aedilitatem,
1311 1745 1380 1804 et
1437 1738 1637 1803 nimis
1690 1737 2117 1820 intelligendo
2166 1737 2327 1804 nihil
2370 1737 2763 1822 intelligant,

567 1859 740 1906 vana
767 1846 833 1904 et
858 1839 1213 1905 fastidiosa
1253 1839 1402 1904 boec
1427 1838 1653 1904 edicta
1676 1838 1744 1902 in
1770 1838 2115 1923 republica
2138 1839 2431 1906 literaria
2455 1859 2587 1906 non
2614 1840 2766 1923 plu·

567 1939 664 2006 ris
687 1941 876 2018 fiunt,
908 1958 1104 2026 quam
1133 1938 1560 2024 praeficarum
1583 1937 1793 2002 neniae
1816 1939 1885 2004 in
1908 1939 2139 2006 funere
2162 1941 2489 2006 censorio.
2562 1939 2765 2006 Hunc

568 2048 895 2126 praeterea
919 2042 1220 2108 stultitiae
1247 2060 1388 2107 suae
1417 2039 1705 2106 fructum
1744 2039 1980 2120 serunt,
2022 2047 2099 2106 ut
2144 2042 2342 2125 quasi
2386 2042 2455 2106 in
2500 2043 2771 2108 marios

570 2144 928 2210 referantur
957 2163 1002 2208 a
1029 2145 1216 2210 veris·
1235 2143 1654 2220 censoribus,
1684 2149 1753 2208 et
1776 2142 2186 2208 eruditorum
2216 2142 2490 2208 circulis
2518 2161 2771 2208 suaves

570 2246 726 2312 dent
751 2265 1110 2314 sermones.
1201 2241 1468 2311 Hero'es
1497 2245 1653 2310 illos
1695 2242 1845 2329 jam
1886 2243 2135 2310 dudum
2164 2243 2585 2310 consecravit
2610 2263 2771 2310 con-

571 2347 868 2412 sentiens
897 2348 1192 2412 omnium
1223 2345 1621 2414 saeculorum
1648 2345 2019 2432 admiratio,
2038 2351 2115 2412 et
2142 2347 2231 2412 ab
2268 2345 2498 2412 horum
2534 2363 2771 2430 proca·-

569 2447 773 2512 citate
825 2453 895 2512 et
951 2446 1322 2532 petulantia
1371 2445 1739 2511 vindicavit
1782 2463 1903 2510 eos
1944 2445 2267 2530 majestas
2311 2447 2619 2524 nominis,
2650 2447 2771 2510 im-

571 2549 964 2614 mortalibus
993 2555 1194 2631 pasta
1219 2546 1468 2611 meritis
1511 2551 1580 2612 et
1624 2545 2001 2622 virtutibus,
2052 2565 2225 2629 quas
2273 2545 2409 2626 isti,
2456 2565 2612 2630 quoe
2662 2555 2775 2611 est

572 2647 835 2714 illorum
860 2647 1218 2732 imperitia,
1265 2651 1338 2710 et
1380 2645 1699 2710 bonarum
1728 2645 1969 2712 artium
2004 2644 2361 2730 jejunitas,
2390 2666 2474 2712 ne
2502 2648 2775 2731 quidem

572 2753 854 2832 possunt
893 2749 1273 2830 intelligere.
1359 2745 1494 2810 Sed
1523 2749 1593 2811 in
1617 2748 1703 2811 iis
1728 2745 2182 2829 scriptoribus,
2229 2748 2349 2832 qui
2390 2768 2437 2813 a
2478 2748 2775 2831 simplici

575 2853 892 2930 rectoque
917 2845 1182 2912 dicendi
1209 2863 1446 2928 genere
1487 2843 1912 2920 deflexerunt,
1960 2848 2031 2909 et
2072 2853 2193 2910 aut
2235 2847 2473 2913 saeculi
2515 2853 2631 2913 aut
2674 2850 2775 2913 in-

575 2947 754 3032 genii
783 2946 948 3011 vitio
975 2965 1052 3010 se
1077 2945 1216 3031 ipsi
1253 2944 1717 3027 depravarunt,
1764 2944 2111 3010 meliorum
2136 2951 2360 3012 tamen
2388 2947 2678 3028 defectu,
2708 2955 2777 3014 et

576 3054 840 3133 propter
864 3047 1034 3112 alias
1061 3046 1251 3112 dotes
1275 3047 1348 3112 in
1376 3044 1631 3110 scholis
1658 3043 2049 3124 retinentur,
2077 3048 2497 3130 coarguenda
2532 3054 2691 3114 sunt
2731 3069 2776 3114 a

579 3148 970 3214 doctoribus
1028 3152 1368 3232 corrupta,
1437 3166 1524 3210 ne
1567 3145 1883 3212 dulcibus
1925 3146 2107 3212 vitiis
2149 3147 2613 3216 adolescentes
2657 3151 2774 3216 de-

580 3250 785 3333 cepti,
817 3251 1100 3316 minutas
1129 3253 1198 3314 et
1221 3249 1516 3333 pueriles
1561 3249 1929 3314 sententias
1956 3267 2081 3331 pro
2108 3250 2453 3316 concinnis
2477 3257 2545 3316 et
2584 3271 2775 3334 argu·

581 3352 706 3432 tis;
752 3351 1092 3435 improbas
1111 3357 1177 3416 et
1195 3349 1701 3428 inverecundas,
1729 3369 1857 3432 pro
1882 3350 2241 3432 grandibus
2266 3357 2337 3416 et
2364 3351 2773 3434 magnificis3

582 3459 656 3516 et
709 3452 990 3536 frigidas
1030 3472 1116 3520 ac
1167 3451 1417 3532 aridas,
1456 3470 1575 3536 pro
1620 3451 1983 3516 subtilibus
2028 3457 2095 3517 et
2137 3449 2385 3518 Atticis
2422 3457 2773 3538 appetant.

583 3553 723 3620 Sed
761 3555 960 3620 nimis
991 3555 1106 3620 diu
1137 3561 1204 3620 te
1232 3554 1344 3620 hic
1369 3554 1661 3630 detineo,
1689 3553 1969 3637 benigne
1994 3551 2226 3620 lector.
2314 3553 2570 3620 Paucis
2600 3574 2773 3620 nunc

585 3656 842 3740 accipe,
897 3654 1057 3741 quid
1105 3657 1176 3722 in
1233 3655 1362 3721 hac
1413 3654 1707 3722 editione
1768 3653 1949 3720 Flori
1996 3655 2517 3738 praestiterimus.
2580 3655 2623 3698 ⁴⁸*
2655 3655 2698 3698 ⁴⁸*
2731 3655 2774 3698 ¹*

587 3756 838 3850 Bostea
867 3776 1070 3840 quam
1097 3756 1186 3823 V.
1215 3755 1315 3821 Cl.
1350 3753 1737 3822 Theodorus
1766 3755 2077 3839 Ryckius
2102 3755 2391 3822 melioris
2416 3754 2773 3821 literaturae

589 3858 844 3924 Doctor
875 3857 1173 3940 Lugduni
1203 3858 1610 3923 Batavorum
1640 3855 2131 3936 celeberrimus,
2176 3855 2471 3938 mihique
2512 3855 2778 3920 amicis-

589 3958 824 4042 simus,
853 3958 1116 4043 copiam
1143 3957 1303 4023 mihi
1334 3958 1494 4022 fecit
1521 3955 1781 4023 codicis
1818 3957 2325 4036 membranacei,
2376 3975 2571 4021 manu
2616 3973 2783 4022 exa·

589 4061 741 4137 rati,
771 4079 900 4124 non
931 4059 1402 4143 antiquissimi,
1431 4057 1548 4122 sed
1574 4063 1794 4122 tamen
1818 4076 1908 4123 ex
1938 4057 2193 4140 optimo
2224 4055 2537 4140 descripti
2554 4075 2779 4122 exem-

589 4159 787 4241 plari,
818 4163 926 4226 cui
956 4162 1051 4228 rei
1080 4168 1466 4244 argumento
1491 4165 1600 4226 est
1626 4159 1805 4224 illius
1822 4157 2281 4226 convenientia
2300 4175 2455 4224 cum
2484 4159 2777 4226 omnium
