<?xml version="1.0" encoding="UTF-8"?>
<!DOCTYPE html PUBLIC "-//W3C//DTD XHTML 1.0 Transitional//EN"
    "http://www.w3.org/TR/xhtml1/DTD/xhtml1-transitional.dtd">
<html xmlns="http://www.w3.org/1999/xhtml" xml:lang="en" lang="en">
 <head>
  <title>
</title>
<meta http-equiv="Content-Type" content="text/html;charset=utf-8" />
  <meta name='ocr-system' content='tesseract 3.04.00' />
  <meta name='ocr-capabilities' content='ocr_page ocr_carea ocr_par ocr_line ocrx_word'/>
</head>
<body>
  <div class='ocr_page' id='page_1' title='image "./lannaeifloriepi00unkngoog_0030.png"; bbox 0 0 3234 4909; ppageno 0'>
   <div class='ocr_carea' id='block_1_1' title="bbox 595 411 2151 480">
    <p class='ocr_par' dir='ltr' id='par_1_1' title="bbox 595 411 2151 480">
     <span class='ocr_line' id='line_1_1' title="bbox 595 411 2151 480; baseline -0.003 -9"><span class='ocrx_word' id='word_1_1' title='bbox 595 411 686 480; x_wconf 77' lang='lat'><strong>22</strong></span> <span class='ocrx_word' id='word_1_2' title='bbox 1247 423 1314 470; x_wconf 67' lang='lat' dir='ltr'><strong>la.</strong></span> <span class='ocrx_word' id='word_1_3' title='bbox 1361 417 1624 469; x_wconf 61' lang='lat' dir='ltr'>ANNE!</span> <span class='ocrx_word' id='word_1_4' title='bbox 1672 413 1896 469; x_wconf 67' lang='lat' dir='ltr'><strong>thom</strong></span> <span class='ocrx_word' id='word_1_5' title='bbox 1946 417 2151 468; x_wconf 71' lang='lat' dir='ltr'><strong>vru.</strong></span> 
     </span>
    </p>
   </div>
   <div class='ocr_carea' id='block_1_2' title="bbox 594 557 2807 2479">
    <p class='ocr_par' dir='ltr' id='par_1_2' title="bbox 594 557 2807 2479">
     <span class='ocr_line' id='line_1_2' title="bbox 594 557 2797 647; baseline -0.005 -9"><span class='ocrx_word' id='word_1_6' title='bbox 594 567 646 638; x_wconf 78' lang='lat' dir='ltr'><strong>J</strong></span> <span class='ocrx_word' id='word_1_7' title='bbox 643 570 858 637; x_wconf 89' lang='lat' dir='ltr'><strong>ulium</strong></span> <span class='ocrx_word' id='word_1_8' title='bbox 887 563 1284 644; x_wconf 83' lang='lat' dir='ltr'><strong>Secundum,</strong></span> <span class='ocrx_word' id='word_1_9' title='bbox 1311 561 1504 629; x_wconf 77' lang='lat' dir='ltr'><strong>illm</strong></span> <span class='ocrx_word' id='word_1_10' title='bbox 1530 561 1869 647; x_wconf 73' lang='lat' dir='ltr'><strong>aequalem</strong></span> <span class='ocrx_word' id='word_1_11' title='bbox 1896 557 2139 640; x_wconf 82' lang='lat' dir='ltr'><strong>meu&#39;m,</strong></span> <span class='ocrx_word' id='word_1_12' title='bbox 2186 565 2412 644; x_wconf 83' lang='lat' dir='ltr'><strong>atque,</strong></span> <span class='ocrx_word' id='word_1_13' title='bbox 2458 566 2533 628; x_wconf 87' lang='lat' dir='ltr'><strong>ut</strong></span> <span class='ocrx_word' id='word_1_14' title='bbox 2570 566 2797 628; x_wconf 86' lang='lat' dir='ltr'><strong>notum</strong></span> 
     </span>
     <span class='ocr_line' id='line_1_3' title="bbox 597 664 2793 751; baseline -0.004 -12"><span class='ocrx_word' id='word_1_15' title='bbox 597 680 725 751; x_wconf 80' lang='lat' dir='ltr'><strong>est,</strong></span> <span class='ocrx_word' id='word_1_16' title='bbox 789 666 1202 735; x_wconf 80' lang='lat' dir='ltr'><strong>familiariter</strong></span> <span class='ocrx_word' id='word_1_17' title='bbox 1247 673 1564 745; x_wconf 82' lang='lat' dir='ltr'><strong>amatum,</strong></span> <span class='ocrx_word' id='word_1_18' title='bbox 1613 667 1802 732; x_wconf 76' lang='lat' dir='ltr'><strong>mirae</strong></span> <span class='ocrx_word' id='word_1_19' title='bbox 1854 664 2188 730; x_wconf 77' lang='lat' dir='ltr'><strong>facundiae</strong></span> <span class='ocrx_word' id='word_1_20' title='bbox 2236 665 2469 740; x_wconf 85' lang='lat' dir='ltr'><strong>virum,</strong></span> <span class='ocrx_word' id='word_1_21' title='bbox 2518 665 2793 730; x_wconf 60' lang='lat' dir='ltr'><strong>infinitas</strong></span> 
     </span>
     <span class='ocr_line' id='line_1_4' title="bbox 597 765 2798 854; baseline -0.002 -16"><span class='ocrx_word' id='word_1_22' title='bbox 597 782 820 844; x_wconf 86' lang='lat' dir='ltr'><strong>tamen</strong></span> <span class='ocrx_word' id='word_1_23' title='bbox 851 791 1050 850; x_wconf 82' lang='lat' dir='ltr'><strong>ourae,</strong></span> <span class='ocrx_word' id='word_1_24' title='bbox 1098 769 1262 854; x_wconf 86' lang='lat' dir='ltr'><strong>quid</strong></span> <span class='ocrx_word' id='word_1_25' title='bbox 1289 776 1469 835; x_wconf 80' lang='lat' dir='ltr'><strong>esset</strong></span> <span class='ocrx_word' id='word_1_26' title='bbox 1514 769 1646 834; x_wconf 81' lang='lat' dir='ltr'><strong>sibi</strong></span> <span class='ocrx_word' id='word_1_27' title='bbox 1676 788 1721 833; x_wconf 87' lang='lat' dir='ltr'><strong>a</strong></span> <span class='ocrx_word' id='word_1_28' title='bbox 1766 773 2006 854; x_wconf 85' lang='lat' dir='ltr'><strong>patruo</strong></span> <span class='ocrx_word' id='word_1_29' title='bbox 2046 767 2322 832; x_wconf 89' lang='lat' dir='ltr'><strong>dictum.</strong></span> <span class='ocrx_word' id='word_1_30' title='bbox 2411 765 2487 831; x_wconf 83' lang='lat' dir='ltr'><strong>Is</strong></span> <span class='ocrx_word' id='word_1_31' title='bbox 2516 765 2644 832; x_wconf 82' lang='lat' dir='ltr'><strong>fuit</strong></span> <span class='ocrx_word' id='word_1_32' title='bbox 2671 766 2716 830; x_wconf 84' lang='lat' dir='ltr'><strong>J</strong></span> <span class='ocrx_word' id='word_1_33' title='bbox 2720 787 2798 834; x_wconf 73' lang='lat' dir='ltr'><strong>u-</strong></span> 
     </span>
     <span class='ocr_line' id='line_1_5' title="bbox 597 868 2797 957; baseline -0.003 -17"><span class='ocrx_word' id='word_1_34' title='bbox 597 877 728 941; x_wconf 88' lang='lat' dir='ltr'><strong>lius</strong></span> <span class='ocrx_word' id='word_1_35' title='bbox 759 873 1020 951; x_wconf 66' lang='lat' dir='ltr'><strong>FloruS,</strong></span> <span class='ocrx_word' id='word_1_36' title='bbox 1065 873 1137 937; x_wconf 90' lang='lat' dir='ltr'><strong>in</strong></span> <span class='ocrx_word' id='word_1_37' title='bbox 1163 871 1542 956; x_wconf 81' lang='lat' dir='ltr'><strong>eloquentia</strong></span> <span class='ocrx_word' id='word_1_38' title='bbox 1579 870 1949 936; x_wconf 85' lang='lat' dir='ltr'><strong>Galliarum</strong></span> <span class='ocrx_word' id='word_1_39' title='bbox 1994 869 2345 957; x_wconf 82' lang='lat' dir='ltr'><strong>(quoniam</strong></span> <span class='ocrx_word' id='word_1_40' title='bbox 2384 869 2482 933; x_wconf 91' lang='lat' dir='ltr'><strong>ibi</strong></span> <span class='ocrx_word' id='word_1_41' title='bbox 2526 868 2797 934; x_wconf 88' lang='lat' dir='ltr'><strong>demum</strong></span> 
     </span>
     <span class='ocr_line' id='line_1_6' title="bbox 598 970 2801 1058; baseline -0.003 -17"><span class='ocrx_word' id='word_1_42' title='bbox 598 975 902 1043; x_wconf 84' lang='lat' dir='ltr'><strong>exercuit</strong></span> <span class='ocrx_word' id='word_1_43' title='bbox 927 970 1110 1057; x_wconf 88' lang='lat' dir='ltr'><strong>eam)</strong></span> <span class='ocrx_word' id='word_1_44' title='bbox 1157 973 1490 1057; x_wconf 75' lang='lat' dir='ltr'><strong>princepe,</strong></span> <span class='ocrx_word' id='word_1_45' title='bbox 1539 973 1795 1058; x_wconf 84' lang='lat' dir='ltr'><strong>alioqui</strong></span> <span class='ocrx_word' id='word_1_46' title='bbox 1843 972 2015 1036; x_wconf 83' lang='lat' dir='ltr'><strong>inter</strong></span> <span class='ocrx_word' id='word_1_47' title='bbox 2058 991 2316 1057; x_wconf 85' lang='lat' dir='ltr'><strong>paucos</strong></span> <span class='ocrx_word' id='word_1_48' title='bbox 2362 971 2676 1047; x_wconf 74' lang='lat' dir='ltr'><strong>disertae,</strong></span> <span class='ocrx_word' id='word_1_49' title='bbox 2731 976 2801 1035; x_wconf 90' lang='lat' dir='ltr'><strong>et</strong></span> 
     </span>
     <span class='ocr_line' id='line_1_7' title="bbox 599 1072 2797 1159; baseline -0.001 -18"><span class='ocrx_word' id='word_1_50' title='bbox 599 1077 838 1158; x_wconf 83' lang='lat' dir='ltr'><strong>dignus</strong></span> <span class='ocrx_word' id='word_1_51' title='bbox 892 1075 1012 1140; x_wconf 88' lang='lat' dir='ltr'><strong>illa</strong></span> <span class='ocrx_word' id='word_1_52' title='bbox 1059 1075 1594 1159; x_wconf 80' lang='lat' dir='ltr'><strong>propinquitate.</strong></span> <span class='ocrx_word' id='word_1_53' title='bbox 1684 1074 1782 1153; x_wconf 83' lang='lat' dir='ltr'><strong>Is,</strong></span> <span class='ocrx_word' id='word_1_54' title='bbox 1852 1093 2008 1140; x_wconf 88' lang='lat' dir='ltr'><strong>cum</strong></span> <span class='ocrx_word' id='word_1_55' title='bbox 2058 1075 2464 1152; x_wconf 85' lang='lat' dir='ltr'><strong>Secundum,</strong></span> <span class='ocrx_word' id='word_1_56' title='bbox 2544 1072 2797 1138; x_wconf 77' lang='lat' dir='ltr'><strong>scholae</strong></span> 
     </span>
     <span class='ocr_line' id='line_1_8' title="bbox 599 1173 2797 1261; baseline -0.003 -17"><span class='ocrx_word' id='word_1_57' title='bbox 599 1178 818 1245; x_wconf 80' lang='lat' dir='ltr'><strong>adhuc</strong></span> <span class='ocrx_word' id='word_1_58' title='bbox 847 1195 1120 1261; x_wconf 82' lang='lat' dir='ltr'><strong>operam</strong></span> <span class='ocrx_word' id='word_1_59' title='bbox 1151 1177 1446 1257; x_wconf 84' lang='lat' dir='ltr'><strong>dantem,</strong></span> <span class='ocrx_word' id='word_1_60' title='bbox 1489 1178 1744 1242; x_wconf 84' lang='lat' dir='ltr'><strong>tristem</strong></span> <span class='ocrx_word' id='word_1_61' title='bbox 1774 1178 1947 1243; x_wconf 81' lang='lat' dir='ltr'><strong>forte</strong></span> <span class='ocrx_word' id='word_1_62' title='bbox 1984 1176 2295 1256; x_wconf 80' lang='lat' dir='ltr'><strong>vidisset,</strong></span> <span class='ocrx_word' id='word_1_63' title='bbox 2348 1173 2797 1258; x_wconf 79' lang='lat' dir='ltr'><strong>interrogavit,</strong></span> 
     </span>
     <span class='ocr_line' id='line_1_9' title="bbox 600 1277 2802 1370; baseline -0.002 -25"><span class='ocrx_word' id='word_1_64' title='bbox 600 1299 754 1363; x_wconf 83' lang='lat' dir='ltr'><strong>quae</strong></span> <span class='ocrx_word' id='word_1_65' title='bbox 784 1299 992 1345; x_wconf 83' lang='lat' dir='ltr'><strong>causa</strong></span> <span class='ocrx_word' id='word_1_66' title='bbox 1033 1279 1272 1370; x_wconf 67' lang='lat' dir='ltr'><strong>frontisj</strong></span> <span class='ocrx_word' id='word_1_67' title='bbox 1319 1286 1461 1344; x_wconf 84' lang='lat' dir='ltr'><strong>tam</strong></span> <span class='ocrx_word' id='word_1_68' title='bbox 1505 1279 1857 1362; x_wconf 80' lang='lat' dir='ltr'><strong>adductae3</strong></span> <span class='ocrx_word' id='word_1_69' title='bbox 1898 1298 2025 1344; x_wconf 85' lang='lat' dir='ltr'><strong>neo</strong></span> <span class='ocrx_word' id='word_1_70' title='bbox 2054 1277 2516 1344; x_wconf 79' lang='lat' dir='ltr'><strong>dissimulavit</strong></span> <span class='ocrx_word' id='word_1_71' title='bbox 2542 1277 2802 1341; x_wconf 84' lang='lat' dir='ltr'><strong>adoles-</strong></span> 
     </span>
     <span class='ocr_line' id='line_1_10' title="bbox 599 1379 2799 1465; baseline -0.002 -18"><span class='ocrx_word' id='word_1_72' title='bbox 599 1399 783 1461; x_wconf 75' lang='lat' dir='ltr'><strong>cenS,</strong></span> <span class='ocrx_word' id='word_1_73' title='bbox 831 1381 1090 1446; x_wconf 87' lang='lat' dir='ltr'><strong>tertium</strong></span> <span class='ocrx_word' id='word_1_74' title='bbox 1112 1379 1256 1465; x_wconf 88' lang='lat' dir='ltr'><strong>jam</strong></span> <span class='ocrx_word' id='word_1_75' title='bbox 1297 1381 1478 1445; x_wconf 89' lang='lat' dir='ltr'><strong>diem</strong></span> <span class='ocrx_word' id='word_1_76' title='bbox 1509 1398 1689 1460; x_wconf 77' lang='lat' dir='ltr'><strong>esse,</strong></span> <span class='ocrx_word' id='word_1_77' title='bbox 1741 1400 1830 1446; x_wconf 86' lang='lat' dir='ltr'><strong>ex</strong></span> <span class='ocrx_word' id='word_1_78' title='bbox 1858 1400 1994 1464; x_wconf 90' lang='lat' dir='ltr'><strong>quo</strong></span> <span class='ocrx_word' id='word_1_79' title='bbox 2018 1381 2197 1446; x_wconf 86' lang='lat' dir='ltr'><strong>omni</strong></span> <span class='ocrx_word' id='word_1_80' title='bbox 2240 1381 2473 1445; x_wconf 88' lang='lat' dir='ltr'><strong>labore</strong></span> <span class='ocrx_word' id='word_1_81' title='bbox 2501 1379 2799 1443; x_wconf 78' lang='lat' dir='ltr'><strong>materiae</strong></span> 
     </span>
     <span class='ocr_line' id='line_1_11' title="bbox 597 1480 2802 1566; baseline -0.001 -18"><span class='ocrx_word' id='word_1_82' title='bbox 597 1482 687 1548; x_wconf 76' lang='lat' dir='ltr'><strong>ad</strong></span> <span class='ocrx_word' id='word_1_83' title='bbox 715 1483 1134 1548; x_wconf 78' lang='lat' dir='ltr'><strong>scribendum</strong></span> <span class='ocrx_word' id='word_1_84' title='bbox 1165 1480 1525 1548; x_wconf 75' lang='lat' dir='ltr'><strong>destinatae</strong></span> <span class='ocrx_word' id='word_1_85' title='bbox 1555 1502 1690 1549; x_wconf 88' lang='lat' dir='ltr'><strong>non</strong></span> <span class='ocrx_word' id='word_1_86' title='bbox 1728 1483 2052 1550; x_wconf 83' lang='lat' dir='ltr'><strong>inveniret</strong></span> <span class='ocrx_word' id='word_1_87' title='bbox 2078 1483 2463 1548; x_wconf 80' lang='lat' dir='ltr'><strong>exordium:</strong></span> <span class='ocrx_word' id='word_1_88' title='bbox 2510 1500 2645 1566; x_wconf 90' lang='lat' dir='ltr'><strong>quo</strong></span> <span class='ocrx_word' id='word_1_89' title='bbox 2670 1481 2802 1546; x_wconf 80' lang='lat' dir='ltr'><strong>sibi</strong></span> 
     </span>
     <span class='ocr_line' id='line_1_12' title="bbox 595 1579 2803 1669; baseline -0.001 -20"><span class='ocrx_word' id='word_1_90' title='bbox 595 1604 733 1650; x_wconf 85' lang='lat' dir='ltr'><strong>non</strong></span> <span class='ocrx_word' id='word_1_91' title='bbox 757 1603 1054 1669; x_wconf 81' lang='lat' dir='ltr'><strong>praesens</strong></span> <span class='ocrx_word' id='word_1_92' title='bbox 1075 1590 1332 1650; x_wconf 87' lang='lat' dir='ltr'><strong>tantum</strong></span> <span class='ocrx_word' id='word_1_93' title='bbox 1355 1585 1571 1664; x_wconf 86' lang='lat' dir='ltr'><strong>dolor,</strong></span> <span class='ocrx_word' id='word_1_94' title='bbox 1597 1584 1722 1650; x_wconf 86' lang='lat' dir='ltr'><strong>sed</strong></span> <span class='ocrx_word' id='word_1_95' title='bbox 1743 1586 1945 1650; x_wconf 86' lang='lat' dir='ltr'><strong>etiam</strong></span> <span class='ocrx_word' id='word_1_96' title='bbox 1973 1585 2359 1668; x_wconf 83' lang='lat' dir='ltr'><strong>desperatio</strong></span> <span class='ocrx_word' id='word_1_97' title='bbox 2378 1585 2445 1649; x_wconf 86' lang='lat' dir='ltr'><strong>in</strong></span> <span class='ocrx_word' id='word_1_98' title='bbox 2462 1579 2803 1669; x_wconf 77' lang='lat' dir='ltr'><strong>posterum</strong></span> 
     </span>
     <span class='ocr_line' id='line_1_13' title="bbox 597 1685 2800 1771; baseline -0 -20"><span class='ocrx_word' id='word_1_99' title='bbox 597 1687 806 1752; x_wconf 88' lang='lat' dir='ltr'><strong>fieret.</strong></span> <span class='ocrx_word' id='word_1_100' title='bbox 894 1685 1072 1750; x_wconf 88' lang='lat' dir='ltr'><strong>Tum</strong></span> <span class='ocrx_word' id='word_1_101' title='bbox 1103 1687 1348 1752; x_wconf 81' lang='lat' dir='ltr'><strong>Florus</strong></span> <span class='ocrx_word' id='word_1_102' title='bbox 1385 1687 1703 1766; x_wconf 79' lang='lat' dir='ltr'><strong>arridens,</strong></span> <span class='ocrx_word' id='word_1_103' title='bbox 1752 1688 1821 1752; x_wconf 90' lang='lat' dir='ltr'>N</span> <span class='ocrx_word' id='word_1_104' title='bbox 1822 1688 2078 1771; x_wconf 85' lang='lat' dir='ltr'><strong>unquid</strong></span> <span class='ocrx_word' id='word_1_105' title='bbox 2126 1695 2225 1766; x_wconf 86' lang='lat' dir='ltr'><strong>tu,</strong></span> <span class='ocrx_word' id='word_1_106' title='bbox 2278 1688 2518 1771; x_wconf 89' lang='lat' dir='ltr'><strong>inquit,</strong></span> <span class='ocrx_word' id='word_1_107' title='bbox 2560 1686 2800 1751; x_wconf 84' lang='lat' dir='ltr'><strong>melius</strong></span> 
     </span>
     <span class='ocr_line' id='line_1_14' title="bbox 598 1788 2803 1874; baseline -0.001 -20"><span class='ocrx_word' id='word_1_108' title='bbox 598 1788 818 1854; x_wconf 89' lang='lat' dir='ltr'><strong>dicere</strong></span> <span class='ocrx_word' id='word_1_109' title='bbox 866 1789 999 1866; x_wconf 74' lang='lat' dir='ltr'><strong>vie,</strong></span> <span class='ocrx_word' id='word_1_110' title='bbox 1037 1808 1238 1872; x_wconf 85' lang='lat' dir='ltr'><strong>quam</strong></span> <span class='ocrx_word' id='word_1_111' title='bbox 1263 1797 1458 1873; x_wconf 81' lang='lat' dir='ltr'><strong>potes</strong></span> <span class='ocrx_word' id='word_1_112' title='bbox 1478 1791 1530 1855; x_wconf 75' lang='lat' dir='ltr'><strong>&#39;t&#39;</strong></span> <span class='ocrx_word' id='word_1_113' title='bbox 1559 1795 1679 1855; x_wconf 60' lang='lat' dir='ltr'><strong>&amp;a</strong></span> <span class='ocrx_word' id='word_1_114' title='bbox 1768 1789 1925 1856; x_wconf 85' lang='lat' dir='ltr'><strong>Nec</strong></span> <span class='ocrx_word' id='word_1_115' title='bbox 1964 1789 2261 1854; x_wconf 85' lang='lat' dir='ltr'><strong>absurda</strong></span> <span class='ocrx_word' id='word_1_116' title='bbox 2286 1789 2377 1853; x_wconf 82' lang='lat' dir='ltr'><strong>sit</strong></span> <span class='ocrx_word' id='word_1_117' title='bbox 2404 1789 2803 1874; x_wconf 82' lang='lat' dir='ltr'><strong>conjectura,</strong></span> 
     </span>
     <span class='ocr_line' id='line_1_15' title="bbox 599 1888 2805 1976; baseline 0 -22"><span class='ocrx_word' id='word_1_118' title='bbox 599 1889 660 1954; x_wconf 74' lang='lat' dir='ltr'><strong>si</strong></span> <span class='ocrx_word' id='word_1_119' title='bbox 681 1889 837 1973; x_wconf 87' lang='lat' dir='ltr'><strong>quis</strong></span> <span class='ocrx_word' id='word_1_120' title='bbox 857 1890 1186 1971; x_wconf 86' lang='lat' dir='ltr'><strong>opinetur,</strong></span> <span class='ocrx_word' id='word_1_121' title='bbox 1203 1888 1596 1956; x_wconf 78' lang='lat' dir='ltr'><strong>historicum</strong></span> <span class='ocrx_word' id='word_1_122' title='bbox 1611 1911 1789 1970; x_wconf 90' lang='lat' dir='ltr'><strong>eum,</strong></span> <span class='ocrx_word' id='word_1_123' title='bbox 1809 1891 1896 1957; x_wconf 90' lang='lat' dir='ltr'><strong>de</strong></span> <span class='ocrx_word' id='word_1_124' title='bbox 1916 1910 2051 1976; x_wconf 88' lang='lat' dir='ltr'><strong>quo</strong></span> <span class='ocrx_word' id='word_1_125' title='bbox 2069 1891 2217 1956; x_wconf 80' lang='lat' dir='ltr'><strong>fuse</strong></span> <span class='ocrx_word' id='word_1_126' title='bbox 2234 1890 2554 1970; x_wconf 64' lang='lat' dir='ltr'><strong>diximuS,</strong></span> <span class='ocrx_word' id='word_1_127' title='bbox 2572 1889 2805 1970; x_wconf 89' lang='lat' dir='ltr'><strong>(modo</strong></span> 
     </span>
     <span class='ocr_line' id='line_1_16' title="bbox 599 1988 2805 2076; baseline -0 -21"><span class='ocrx_word' id='word_1_128' title='bbox 599 1991 660 2055; x_wconf 76' lang='lat' dir='ltr'><strong>is</strong></span> <span class='ocrx_word' id='word_1_129' title='bbox 676 1988 904 2055; x_wconf 79' lang='lat' dir='ltr'><strong>Julius</strong></span> <span class='ocrx_word' id='word_1_130' title='bbox 923 1989 1170 2054; x_wconf 86' lang='lat' dir='ltr'><strong>Florus</strong></span> <span class='ocrx_word' id='word_1_131' title='bbox 1187 1999 1365 2057; x_wconf 85' lang='lat' dir='ltr'><strong>recte</strong></span> <span class='ocrx_word' id='word_1_132' title='bbox 1393 1993 1463 2058; x_wconf 91' lang='lat' dir='ltr'><strong>in</strong></span> <span class='ocrx_word' id='word_1_133' title='bbox 1490 1994 1679 2058; x_wconf 82' lang='lat' dir='ltr'><strong>libris</strong></span> <span class='ocrx_word' id='word_1_134' title='bbox 1696 1992 2093 2076; x_wconf 80' lang='lat' dir='ltr'><strong>quibusdam</strong></span> <span class='ocrx_word' id='word_1_135' title='bbox 2108 1989 2441 2076; x_wconf 82' lang='lat' dir='ltr'><strong>vocatur,)</strong></span> <span class='ocrx_word' id='word_1_136' title='bbox 2460 2009 2554 2057; x_wconf 83' lang='lat' dir='ltr'><strong>ex</strong></span> <span class='ocrx_word' id='word_1_137' title='bbox 2570 1989 2805 2057; x_wconf 82' lang='lat' dir='ltr'><strong>eadem</strong></span> 
     </span>
     <span class='ocr_line' id='line_1_17' title="bbox 601 2091 2803 2178; baseline 0 -22"><span class='ocrx_word' id='word_1_138' title='bbox 601 2092 829 2176; x_wconf 82' lang='lat' dir='ltr'><strong>stirpe,</strong></span> <span class='ocrx_word' id='word_1_139' title='bbox 884 2091 1090 2155; x_wconf 91' lang='lat' dir='ltr'><strong>immo</strong></span> <span class='ocrx_word' id='word_1_140' title='bbox 1116 2091 1406 2158; x_wconf 80' lang='lat' dir='ltr'><strong>fortasse</strong></span> <span class='ocrx_word' id='word_1_141' title='bbox 1431 2094 1645 2160; x_wconf 86' lang='lat' dir='ltr'><strong>filium</strong></span> <span class='ocrx_word' id='word_1_142' title='bbox 1668 2095 1881 2160; x_wconf 78' lang='lat' dir='ltr'><strong>fuisse</strong></span> <span class='ocrx_word' id='word_1_143' title='bbox 1910 2101 2035 2159; x_wconf 85' lang='lat' dir='ltr'><strong>aut</strong></span> <span class='ocrx_word' id='word_1_144' title='bbox 2060 2099 2365 2178; x_wconf 83' lang='lat' dir='ltr'><strong>nepotem</strong></span> <span class='ocrx_word' id='word_1_145' title='bbox 2390 2092 2563 2157; x_wconf 74' lang='lat' dir='ltr'><strong>sulii</strong></span> <span class='ocrx_word' id='word_1_146' title='bbox 2594 2092 2803 2169; x_wconf 85' lang='lat' dir='ltr'><strong>Flori,</strong></span> 
     </span>
     <span class='ocr_line' id='line_1_18' title="bbox 604 2189 2807 2278; baseline 0 -22"><span class='ocrx_word' id='word_1_147' title='bbox 604 2189 742 2256; x_wconf 74' lang='lat' dir='ltr'><strong>viri&#39;</strong></span> <span class='ocrx_word' id='word_1_148' title='bbox 759 2191 956 2276; x_wconf 84' lang='lat' dir='ltr'><strong>hujus</strong></span> <span class='ocrx_word' id='word_1_149' title='bbox 1005 2190 1261 2272; x_wconf 87' lang='lat' dir='ltr'><strong>diserti,</strong></span> <span class='ocrx_word' id='word_1_150' title='bbox 1314 2193 1398 2258; x_wconf 86' lang='lat' dir='ltr'><strong>de</strong></span> <span class='ocrx_word' id='word_1_151' title='bbox 1437 2213 1576 2278; x_wconf 89' lang='lat' dir='ltr'><strong>quo</strong></span> <span class='ocrx_word' id='word_1_152' title='bbox 1630 2195 1731 2262; x_wconf 83' lang='lat' dir='ltr'><strong>M.</strong></span> <span class='ocrx_word' id='word_1_153' title='bbox 1778 2195 2047 2261; x_wconf 79' lang='lat' dir='ltr'><strong>Seneca</strong></span> <span class='ocrx_word' id='word_1_154' title='bbox 2088 2199 2155 2259; x_wconf 85' lang='lat' dir='ltr'><strong>et</strong></span> <span class='ocrx_word' id='word_1_155' title='bbox 2203 2193 2657 2272; x_wconf 78' lang='lat' dir='ltr'><strong>Quintilianus</strong></span> <span class='ocrx_word' id='word_1_156' title='bbox 2702 2193 2807 2257; x_wconf 83' lang='lat' dir='ltr'><strong>lo·</strong></span> 
     </span>
     <span class='ocr_line' id='line_1_19' title="bbox 603 2291 2807 2379; baseline 0.002 -23"><span class='ocrx_word' id='word_1_157' title='bbox 603 2299 908 2376; x_wconf 77' lang='lat' dir='ltr'><strong>quantur.</strong></span> <span class='ocrx_word' id='word_1_158' title='bbox 1000 2291 1135 2356; x_wconf 85' lang='lat' dir='ltr'><strong>Sed</strong></span> <span class='ocrx_word' id='word_1_159' title='bbox 1164 2293 1336 2373; x_wconf 79' lang='lat' dir='ltr'><strong>haec,</strong></span> <span class='ocrx_word' id='word_1_160' title='bbox 1385 2300 1450 2360; x_wconf 88' lang='lat' dir='ltr'><strong>et</strong></span> <span class='ocrx_word' id='word_1_161' title='bbox 1499 2298 1658 2374; x_wconf 81' lang='lat' dir='ltr'><strong>alia,</strong></span> <span class='ocrx_word' id='word_1_162' title='bbox 1704 2313 1857 2379; x_wconf 78' lang='lat' dir='ltr'><strong>quae</strong></span> <span class='ocrx_word' id='word_1_163' title='bbox 1888 2301 2084 2360; x_wconf 87' lang='lat' dir='ltr'><strong>antea</strong></span> <span class='ocrx_word' id='word_1_164' title='bbox 2122 2295 2209 2358; x_wconf 93' lang='lat' dir='ltr'><strong>de</strong></span> <span class='ocrx_word' id='word_1_165' title='bbox 2254 2295 2527 2360; x_wconf 83' lang='lat' dir='ltr'><strong>Senecae</strong></span> <span class='ocrx_word' id='word_1_166' title='bbox 2568 2313 2807 2379; x_wconf 81' lang='lat' dir='ltr'><strong>cogno-</strong></span> 
     </span>
     <span class='ocr_line' id='line_1_20' title="bbox 603 2392 2313 2479; baseline 0.002 -19"><span class='ocrx_word' id='word_1_167' title='bbox 603 2399 826 2460; x_wconf 83' lang='lat' dir='ltr'><strong>mento</strong></span> <span class='ocrx_word' id='word_1_168' title='bbox 857 2392 1180 2473; x_wconf 75' lang='lat' dir='ltr'><strong>diximuS,</strong></span> <span class='ocrx_word' id='word_1_169' title='bbox 1211 2396 1470 2460; x_wconf 81' lang='lat' dir='ltr'><strong>incerta</strong></span> <span class='ocrx_word' id='word_1_170' title='bbox 1499 2397 1568 2460; x_wconf 90' lang='lat' dir='ltr'><strong>in</strong></span> <span class='ocrx_word' id='word_1_171' title='bbox 1594 2395 1818 2460; x_wconf 88' lang='lat' dir='ltr'><strong>medio</strong></span> <span class='ocrx_word' id='word_1_172' title='bbox 1842 2397 2313 2479; x_wconf 81' lang='lat' dir='ltr'><strong>relinquamus,</strong></span> 
     </span>
    </p>
   </div>
  </div>
 </body>
</html>
