3234 4909
1437 376 1645 429 viu.
2548 373 2637 443 21

421 540 692 599 mean,
719 518 1050 587 divisisse.
1135 518 1369 605 Atque
1393 542 1480 589 eo
1521 522 1741 607 magis
1778 522 2003 590 arrisit
2028 522 2235 593 noro
2260 526 2636 601 similitudo

425 644 538 703 ea,
569 622 738 709 qnia
755 642 894 689 non
915 626 1124 690 totam
1149 624 1344 691 alteri
1373 624 1681 706 debean
1728 626 1853 691 scd
1876 634 2081 708 esset,
2120 629 2303 713 qnod
2328 632 2463 697 sibi
2494 632 2641 699 vin·

425 724 708 791 dicaret.
795 724 978 791 Sane
1003 730 1150 791 toto
1193 727 1284 791 ad
1321 746 1474 793 eam
1515 746 1725 813 opere
1761 730 2059 815 respicit.
2148 732 2415 819 Nempe
2444 754 2641 803 suun

429 828 674 911 cuique
701 826 1082 911 pulchrum,
1127 828 1314 914 quod
1333 828 1474 895 dici
1501 828 1697 897 solet.
1784 830 1857 897 N
1858 852 1939 899 ec
1968 840 2325 919 propterea
2364 854 2659 919 negato,-

429 928 708 996 Flomm
747 930 926 996 hunc
969 931 1182 997 fuisse
1225 951 1316 997 ex
1361 932 1767 999 Senecarnm
1810 932 2087 1001 familia.
2174 936 2437 1004 Seneca
2460 938 2639 1005 enim

425 1040 708 1099 vocatur
735 1032 806 1099 in
837 1032 1176 1117 plerisque
1207 1033 1544 1101 veteribus
1583 1034 1797 1101 libris.
1882 1035 2145 1103 Adhtec
2170 1038 2451 1105 Senecae
2478 1046 2641 1105 sunt

425 1153 522 1199 ex
547 1132 821 1201 Annoea
847 1140 1068 1217 gente.
1151 1132 1252 1201 At
1279 1134 1546 1213 Florus,
1596 1141 1675 1202 ut
1700 1137 1773 1203 in
1794 1136 2135 1223 plerisque
2162 1138 2357 1207 libris
2384 1138 2635 1221 Julius,

423 1238 526 1302 ita
543 1237 845 1303 Amaens
865 1237 938 1301 in
955 1242 1110 1303 vett.
1128 1243 1412 1305 vocatur
1427 1238 1645 1317 libris,
1664 1240 1865 1307 etiam
1894 1242 2168 1325 antiqua
2196 1260 2281 1308 ac
2300 1242 2635 1327 principe,
2708 1268 2725 1279 ·

423 1350 630 1422 qnam
657 1338 898 1419 habeo,
921 1338 1234 1407 editione.
1321 1338 1588 1408 Adhaec
1621 1341 2010 1427 Hispanum
2038 1343 2281 1425 fuisse,
2307 1343 2485 1413 unde
2516 1346 2637 1411 Se·-

419 1458 618 1507 necae
645 1440 852 1508 domo
877 1448 1093 1521 erant,
1137 1444 1500 1511 verisimile
1527 1445 1695 1513 facit
1718 1444 2067 1514 luculenta
2096 1448 2245 1533 ejus
2270 1452 2465 1514 ten-ra>
2488 1448 2635 1513 lan-

421 1542 634 1621 datio,
679 1564 836 1628 quoe
883 1550 990 1611 est
1034 1544 1152 1611 lib.
1184 1562 1264 1611 11.
1315 1548 1421 1614 17.
1471 1549 1689 1614 etlib.
1722 1564 1834 1613 ιιι.
1878 1548 1991 1615 22.
2080 1548 2317 1615 Dictis
2362 1568 2635 1633 quoquc

419 1642 594 1709 hanc
617 1644 893 1712 domum
921 1648 1132 1732 sapit.
1221 1646 1406 1715 Nm
1447 1670 1534 1717 ea
1565 1650 1973 1735 eloquentiae
2016 1656 2087 1717 et
2128 1650 2413 1735 poesios
2438 1650 2637 1717 laude

417 1744 694 1830 inclyia.
781 1746 880 1813 As
903 1748 1114 1815 dictio
1155 1748 1466 1817 historici
1492 1752 1719 1837 hujus,
1760 1753 1859 1819 nti
1890 1760 2049 1820 ante
2078 1753 2356 1832 dictum,
2398 1757 2503 1819 est
2529 1752 2633 1819 di-

417 1852 626 1926 cata,
669 1856 742 1915 et
783 1849 1072 1933 poiiticoe
1113 1854 1410 1937 propior.
1497 1854 1721 1922 Immo
1766 1868 1945 1940 opus
1986 1857 2211 1941 ipsun
2248 1856 2373 1923 vix
2416 1854 2631 1935 alind,

419 1966 620 2031 qum
647 1950 1060 2019 declamatio
1105 1959 1228 2019 ent.
1317 1952 1641 2023 Fortasse
1684 1958 1887 2041 igitur
1926 1956 2214 2023 Seneca
2255 1954 2463 2021 etiam
2508 1974 2631 2021 no·-

417 2066 570 2117 men
605 2052 752 2120 fuit.
839 2054 999 2135 Sed,
1047 2060 1126 2121 ut
1157 2056 1288 2123 hoc
1333 2056 1595 2138 denus,
1624 2078 1759 2125 non
1806 2076 1893 2123 eo
1936 2056 2397 2141 consequitur,
2446 2054 2631 2123 haud

415 2150 612 2219 aliter
651 2174 856 2240 qnam
893 2158 1250 2239 Senecam,
1293 2158 1530 2226 vocari
1569 2166 1915 2246 oportere.
2004 2158 2159 2225 Nec
2202 2155 2383 2223 enim
2424 2156 2629 2223 facile

415 2252 598 2319 adeo
623 2254 794 2322 fides
817 2266 924 2323 est
959 2258 1355 2343 deroganda
1391 2261 1600 2329 amito
1628 2261 1945 2329 maximae
1974 2260 2153 2343 parti
2178 2258 2521 2337 librorum,
2562 2264 2631 2325 d:

415 2354 686 2438 quidem
729 2361 1020 2429 melioris
1063 2368 1273 2443 noto,
1324 2363 1447 2429 ubi
1489 2360 1733 2429 Florus
1762 2368 2062 2431 vocatu.
2151 2360 2241 2428 Et
2274 2361 2436 2447 quid
2475 2381 2630 2448 pro-

411 2456 625 2538 hibet,
671 2480 810 2545 quo
837 2462 1083 2543 minus,
1133 2469 1210 2529 nt
1256 2462 1336 2529 L.
1365 2461 1612 2531 Annoei
1642 2464 1925 2531 Senecae
1956 2464 2357 2549 Philosophi
2397 2464 2625 2544 stater,

407 2576 551 2623 non
579 2566 840 2627 tantum
867 2564 948 2631 L.
978 2564 1278 2631 Annaens
1309 2565 1633 2631 Novatus
1673 2566 2041 2642 dicebatur,
2084 2565 2209 2630 sed
2258 2566 2467 2629 etiam
2502 2564 2547 2628 J
2550 2586 2625 2629 n-

406 2661 575 2725 nius
601 2662 835 2728 Gallio
863 2664 1074 2749 (qnod
1095 2684 1342 2731 nomen
1367 2665 1606 2732 habuit
1626 2671 1993 2749 postquam
2016 2681 2062 2726 a
2086 2662 2297 2726 sunio
2315 2662 2627 2727 Gallione

405 2768 559 2828 erat
583 2763 1014 2851 adoptatus);
1056 2768 1154 2833 ita
1179 2767 1568 2833 historicum
1607 2767 1785 2833 hunc
1830 2764 2203 2842 credamus,
2254 2762 2627 2848 adoptione

409 2884 652 2931 nomen
679 2873 1004 2945 mutasse,
1057 2874 1264 2952 atque
1311 2868 1472 2933 inde
1517 2886 1695 2947 esse,
1743 2866 1924 2953 quod
1968 2866 2151 2932 idem
2178 2866 2399 2933 dictus
2426 2864 2519 2929 sit
2542 2864 2625 2931 L.

411 2966 716 3033 Annaens
745 2968 1034 3049 Seneca,
1081 2975 1153 3036 et
1180 2970 1263 3038 L.
1281 2968 1586 3036 Annaeus
1613 2969 1883 3046 Florus,
1926 2968 2055 3045 vel,
2084 2974 2159 3033 nt
2184 2968 2259 3032 in
2285 2965 2621 3034 nonnullis

407 3071 600 3135 libris
625 3072 844 3154 legere
865 3078 994 3151 est,
1021 3069 1250 3138 Julius
1280 3070 1526 3137 Florus
1545 3073 1578 3135 't
1878 3124 1885 3131 .

497 3172 694 3239 Alius
718 3192 882 3240 vero
911 3174 1000 3239 ab
1027 3173 1162 3239 hoc
1203 3182 1314 3241 est
1335 3172 1566 3239 Julius
1599 3172 1865 3251 Florus,
1914 3172 2023 3237 vir
2048 3170 2283 3238 itidem
2311 3169 2617 3251 disertus,

409 3274 530 3359 qui
549 3276 674 3341 sub
695 3274 968 3341 Tiberio
991 3276 1192 3341 vixit.
1283 3276 1390 3343 De
1409 3277 1542 3343 hoc
1558 3278 1661 3343 ita
1682 3274 1782 3341 M.
1802 3274 2065 3340 Seneca
2086 3271 2397 3340 Controv-
2422 3288 2619 3337 xxv·

411 3378 433 3409 ‘
467 3376 616 3460 ipse
645 3377 875 3443 audivi
907 3376 1178 3444 Florum
1221 3377 1582 3465 quendam,
1637 3375 2011 3442 auditorem
2052 3372 2365 3439 Latronis
2394 3373 2619 3441 dicen·-

405 3485 566 3556 tem,
609 3498 748 3543 non
773 3479 954 3563 apud
984 3478 1381 3545 Latronem:
1427 3498 1647 3563 neque
1674 3476 1857 3543 enim
1885 3477 2163 3541 illimes
2190 3480 2356 3554 erat,
2388 3494 2616 3559 quem·

405 3600 694 3665 cumque
723 3581 960 3647 audire
987 3582 1488 3648 declamantem.
1579 3578 2033 3645 Declamabat
2060 3576 2207 3663 ipse
2236 3580 2515 3657 tantum,
2546 3586 2619 3643 et

407 3681 653 3761 aiebat,
703 3702 780 3748 se
809 3702 948 3750 non
977 3704 1132 3751 esse
1175 3684 1596 3767 magistrum,
1646 3680 1771 3746 sed
1820 3678 2227 3765 exemplum.
2316 3678 2467 3744 Nec
2495 3678 2617 3743 ulli

403 3784 528 3850 alii
583 3786 956 3869 contigisse
1001 3787 1170 3865 scio,
1223 3804 1422 3871 qnam
1473 3785 1656 3871 apud
1701 3784 2009 3861 Graecos,
2062 3780 2377 3859 Nicetae3
2432 3777 2615 3861 apud

404 3886 784 3967 Romanos,
803 3888 1116 3971 Latroni3
1159 3895 1236 3955 nt
1256 3888 1572 3972 discipuli
1589 3906 1723 3952 non
1742 3886 1960 3953 audiri
1988 3883 2459 3957 desiderarent,
2490 3876 2611 3942 sed

404 3990 702 4055 contenti
745 3995 962 4055 essent
1009 3988 1282 4055 audire!
1369 3988 1592 4055 Paulo
1638 3992 1798 4071 post
1842 3994 2239 4068 excerptum
2284 3998 2379 4045 ex
2426 3978 2613 4045 Flori

401 4088 887 4157 declamatione
913 4092 1130 4176 ponit.
1219 4090 1329 4157 De
1371 4089 1635 4167 eodem,
1684 4093 1759 4153 nt
1784 4092 1977 4171 puto,
2030 4081 2363 4163 simulque
2387 4079 2611 4149 fratris

399 4188 575 4271 filio,
597 4192 702 4259 sic
725 4192 984 4260 Fabius
1006 4193 1122 4261 lib.
1153 4208 1237 4261 x.
1265 4193 1334 4259 3.
1367 4196 1388 4229 ⁴
1419 4190 1583 4276 Qua
1601 4190 1687 4257 de
1714 4208 1787 4257 re
1810 4184 2085 4254 memini
2107 4202 2415 4253 narrasse
2442 4183 2609 4253 mihi
