3234 4909
597 381 731 450 538

599 549 683 596 ter
722 557 779 595 se
822 544 978 609 piune
1020 549 1272 609 pugnent,
1324 542 1495 596 foedus
1536 559 1659 596 cnm

600 623 769 687 siiqno
790 621 982 681 fucere,
1008 635 1071 672 ιο
1093 621 1429 674 deditionem.
1494 622 1547 672 Si
1570 622 1659 674 de·

598 699 843 752 ditionem
858 699 1033 750 fecere
1055 700 1326 764 Campani,
1341 698 1509 750 foedus
1528 699 1656 750 illud

598 791 701 828 non
722 777 878 828 fuisse
899 782 1123 827 constet.
1190 778 1329 828 Num
1369 792 1465 844 per
1492 777 1662 828 foedns

602 854 831 918 requetio
862 853 997 917 juris
1042 851 1109 904 fit
1166 853 1307 904 inter
1363 852 1660 906 foederstos.

598 929 709 979 Per
726 929 1044 981 deditionem
1074 930 1250 980 omnis
1276 930 1427 980 unius
1448 929 1662 980 trudun-

596 1010 685 1054 tur
710 1004 763 1054 in
796 1011 1112 1070 potcstutem
1144 1005 1377 1057 ulterius.
1443 1006 1529 1057 Ne
1558 1005 1662 1069 ipsi

597 1079 809 1144 quidem
830 1079 1069 1131 dediticii
1092 1095 1199 1132 suae
1224 1089 1347 1132 sunt
1384 1081 1662 1145 potestatis

596 1161 655 1206 et
677 1156 898 1218 arbitrii,
934 1157 1029 1208 sed
1050 1156 1189 1207 illins
1210 1170 1327 1206 esse
1361 1163 1661 1219 censentur,

596 1231 685 1282 eui
726 1246 785 1281 se
834 1231 1167 1283 dediderunt.
1249 1234 1450 1284 Demus
1498 1231 1658 1283 fnisse

594 1305 783 1371 fedus,
827 1307 963 1371 quod
999 1306 1241 1358 fecerunt
1279 1308 1547 1372 Campani,
1566 1308 1660 1359 de·

597 1381 783 1435 dentes
804 1399 861 1434 se
884 1383 1146 1442 Romanis,
1186 1398 1288 1435 non
1320 1390 1495 1436 tumen
1516 1386 1660 1449 prins

594 1459 757 1512 fuerit
790 1476 945 1528 qnam
984 1461 1307 1512 Samnitium·
1393 1461 1658 1514 Foederati

593 1539 797 1604 qnippe
819 1539 933 1602 jum
970 1543 1080 1588 turn
1102 1537 1359 1588 Samnites
1378 1544 1532 1589 erent
1548 1539 1656 1590 Ro-

593 1627 877 1680 manorum,
898 1629 1015 1667 cum
1039 1615 1105 1680 sb
1132 1615 1213 1665 his
1250 1615 1473 1680 petitum
1508 1616 1660 1668 suxi-

593 1690 719 1741 liu-
758 1703 951 1741 venere
994 1690 1265 1755 Campani.
1348 1691 1466 1742 Nec
1519 1693 1660 1742 enim

592 1773 717 1818 ente
738 1766 793 1817 id
815 1773 1019 1831 tempus
1042 1764 1241 1816 foedere
1264 1767 1367 1818 nilo
1390 1773 1485 1818 eut
1498 1768 1662 1818 socie·-

594 1848 706 1893 tute
710 1841 885 1907 juncti
898 1854 1015 1891 cum
1032 1841 1277 1892 Romanis
1292 1847 1661 1894 memorantur.

593 1917 761 1966 Immo
784 1915 829 1966 si
862 1915 1032 1965 foedus
1056 1915 1183 1966 iliud
1216 1916 1319 1967 fuit
1360 1924 1501 1982 tunc,
1540 1917 1664 1968 ideo

595 1991 795 2044 factum
828 2000 931 2056 est,
968 1998 1029 2043 nt
1072 1991 1375 2044 defensores
1408 1993 1666 2045 baberent

598 2071 858 2120 Romsuos
907 2069 1155 2121 sdversus
1206 2069 1484 2136 Samnites,
1527 2073 1664 2122 unti-

598 2161 729 2212 quoe
766 2146 965 2198 etnicos
984 2153 1041 2198 et
1074 2147 1243 2198 socios
1264 2148 1451 2211 populi
1472 2147 1662 2198 Rome-

598 2221 669 2273 ni.
734 2221 839 2272 Sed
882 2221 1203 2273 deditionem
1238 2221 1319 2272 sui
1350 2228 1407 2273 et
1436 2223 1662 2275 omnium

598 2311 809 2349 suornm
828 2296 1005 2350 fucere
1025 2297 1201 2348 educti
1227 2303 1369 2360 sunt,
1392 2311 1491 2349 nec
1507 2299 1664 2350 aliter

597 2375 847 2426 auxilium
880 2375 1249 2426 obtinuissent.
1312 2376 1465 2439 Tunc
1498 2375 1663 2441 igitur

594 2461 753 2514 opem
774 2450 878 2500 iliis
900 2449 1161 2514 pollicitus
1182 2456 1266 2501 est
1292 2456 1517 2515 senatus,
1538 2451 1662 2517 quis

587 2525 697 2590 jum
730 2527 853 2577 inde
876 2541 973 2592 pro
993 2527 1097 2578 suis
1120 2527 1275 2579 rebus
1294 2537 1351 2579 ct
1369 2529 1661 2580 hominibus

594 2600 723 2652 illud
758 2603 1005 2654 auxilium
1030 2603 1273 2654 debetur.
1339 2605 1475 2656 Num
1512 2605 1662 2656 dedi·

596 2681 711 2732 ticii
728 2681 781 2732 in
806 2687 1073 2746 potestate
1093 2689 1211 2732 sunt
1228 2697 1292 2734 ιο
1313 2681 1539 2734 dominio
1572 2697 1661 2734 eo-

595 2771 731 2821 rnm,
774 2758 957 2824 quibus
1000 2757 1167 2809 dediti
1199 2764 1337 2810 sunt.
1402 2761 1473 2810 Et
1511 2767 1660 2812 recte

594 2845 719 2883 mox
740 2833 958 2887 Florus:
990 2833 1007 2864 ‘
1022 2834 1109 2886 Sic
1124 2849 1251 2898 ergo
1268 2834 1529 2884 Romanus
1552 2833 1664 2886 bei-

594 2907 703 2958 lum
724 2909 1079 2973 Samniticum,
1114 2916 1359 2976 tannsm
1392 2910 1513 2974 sibi,
1544 2925 1662 2976 ges-

595 2983 704 3036 sit.'
780 2985 923 3039 Quia
953 2986 1157 3037 scilicet
1178 3001 1276 3050 pro
1296 2987 1399 3038 suis
1420 2987 1577 3038 rebus
1596 3003 1662 3040 ιο

596 3063 701 3114 suis
722 3061 983 3115 dediticiis
1008 3063 1135 3114 illud
1158 3069 1360 3125 gestum
1382 3071 1483 3115 est.
1517 3063 1662 3117 Hinc

596 3141 687 3192 iila
716 3141 771 3190 in
806 3140 1045 3191 oratione
1076 3141 1455 3204 Campanorum
1477 3140 1545 3192 sd
1566 3141 1662 3191 Se·

595 3219 797 3278 nutum,
836 3230 953 3266 cnm
994 3229 1054 3266 se
1090 3229 1153 3266 ιο
1184 3229 1281 3265 sns
1316 3214 1574 3266 dederent
1592 3216 1663 3265 ud

596 3291 847 3344 susinum
902 3289 1283 3355 impetrandum
1304 3305 1321 3339 τ
1374 3291 1392 3319 ‘
1415 3291 1664 3342 Quando-

594 3366 806 3432 quidem
848 3372 1027 3418 nostrs
1080 3366 1216 3416 tueri
1270 3366 1517 3417 adversm
1555 3367 1662 3418 vim

595 3449 759 3508 utque
794 3443 1036 3507 injurium
1068 3443 1219 3507 juste
1256 3441 1309 3492 vi
1346 3457 1448 3492 non
1488 3444 1666 3509 vultis,

594 3525 775 3570 vestra
796 3523 942 3569 certe
972 3517 1287 3569 defendetis.
1352 3518 1543 3585 Itaque
1572 3533 1664 3584 po·

594 3594 775 3660 pulum
825 3593 1169 3658 Campanum,
1220 3593 1506 3662 urbemque
1562 3597 1664 3648 Cn·

594 3683 772 3734 pusm,
804 3683 971 3733 egros,
1014 3668 1232 3720 delubra
1263 3671 1457 3732 Deum,
1487 3670 1662 3722 divim

595 3746 921 3810 humanaque
964 3745 1139 3795 omnin
1178 3745 1233 3795 in
1265 3752 1513 3811 vestran,
1555 3748 1662 3798 Pu-

597 3828 707 3874 tres
760 3819 1068 3885 conscripti,
1120 3823 1401 3888 populique
1438 3823 1662 3875 Βοωιιιί

595 3897 849 3950 ditionem
887 3896 1159 3948 dedimus!
1223 3899 1476 3949 Haecine
1498 3901 1663 3952 verbs

597 3980 721 4026 sunt
760 3989 825 4024 ιο
874 3972 1096 4024 formnls
1152 3975 1289 4040 oeqni
1345 3972 1555 4028 foderis
1598 3993 1662 4029 nc

596 4050 807 4102 suncti?
867 4050 1033 4100 Immo
1072 4049 1371 4117 deditionis,
1406 4065 1511 4116 qus
1532 4053 1664 4104 ulte·

598 4127 709 4176 rins
742 4125 1021 4191 poteststIs
1062 4125 1213 4184 fiunt,
1252 4139 1369 4192 qun.
1406 4127 1527 4178 olim
1567 4141 1664 4180 suu

598 4208 767 4253 erunt.
832 4201 935 4252 Sed
954 4201 1069 4267 ipse
1091 4202 1190 4252 sibi
1206 4203 1523 4257 contradicit
1544 4206 1664 4258 Flo·

600 4289 707 4328 rus.
774 4276 911 4329 Num
950 4277 1037 4344 qui
1066 4291 1187 4330 mox
1214 4277 1437 4348 dixerst,
1468 4280 1662 4334 beilum

1286 399 1501 452 1101·AE
1548 399 1951 452 VAmoRUM
1999 401 2080 450 IN

1729 543 1858 594 iilud
1881 543 1984 595 sibi
2005 543 2222 610 gessisse
2251 541 2533 603 Romsncs,
2551 539 2676 606 quis
2695 554 2800 606 pro

1731 622 1834 672 suis
1877 621 2114 672 nimirum
2145 618 2432 680 dediticiis,
2469 617 2608 667 idem
2643 617 2800 668 initio

1730 697 1918 762 cepitis
1957 697 2163 760 scribit,
2203 695 2452 760 populum
2485 694 2802 756 Romsnnns,

1729 773 1748 803 ‘
1763 775 2003 840 precibus
2025 772 2323 837 Campania
2342 778 2559 832 motum,
2575 783 2682 820 non
2699 783 2802 832 pro

1731 869 1807 920 se,
1819 855 1931 918 sed,
1944 854 2078 921 quod
2097 859 2182 904 est
2195 851 2500 916 speciosius,
2516 864 2612 915 pro
2625 849 2802 912 sociis,

1729 930 1989 983 Samnites
2021 925 2307 979 invasisse)
2375 925 2510 976 Hoec
2543 939 2648 975 non
2682 939 2806 988 pos-

1734 1013 1859 1058 sunt
1879 1007 2018 1056 inter
2034 1019 2090 1054 se
2113 1001 2400 1066 conciliari,
2419 1008 2480 1052 ut
2500 1001 2628 1052 socii
2643 999 2804 1050 simul

1731 1097 1798 1134 ιο
1835 1081 2070 1132 dediticii
2107 1078 2304 1130 fuerint
2336 1078 2590 1142 Campani
2613 1078 2801 1128 Romn-

1733 1173 1938 1220 norum,
1975 1165 2138 1223 utque
2181 1156 2397 1207 Romani
2433 1155 2627 1206 bellum
2649 1153 2802 1216 iliud,

1733 1250 1828 1300 pro
1868 1233 2020 1285 sociis
2041 1233 2261 1298 puriter,
2303 1246 2366 1282 ιο
2405 1239 2650 1298 tunquam
2681 1229 2804 1292 sibi,

1733 1326 1844 1362 rem
1885 1324 2026 1361 suum
2071 1309 2280 1361 scilicet
2316 1308 2531 1373 gesturi,
2556 1319 2804 1372 suscepe-

1733 1386 1858 1438 rint.
1921 1385 2082 1436 Varie
2103 1384 2312 1450 quidem
2333 1383 2568 1446 foeders3
2607 1384 2714 1435 eliu
2727 1397 2802 1434 t-

1734 1464 1868 1530 quis,
1899 1463 2002 1512 sliu
2023 1461 2212 1527 iniquIs
2236 1459 2459 1526 legibus·
2523 1459 2629 1510 Sed
2651 1456 2804 1508 dedi-

1733 1540 1810 1591 tio
1845 1552 2104 1604 nnnquum
2152 1535 2256 1586 fuit
2295 1533 2486 1586 foedus.
2515 1534 2622 1585 Sci.
2689 1533 2804 1584 Hoc

1738 1614 1970 1678 Campani
2005 1613 2214 1662 sanctius
2231 1617 2280 1662 et
2299 1611 2438 1675 prim
2453 1611 2662 1662 suniu-
2691 1623 2804 1660 sno·

1731 1707 1840 1742 runs
1889 1690 2124 1742 deditione
2154 1689 2398 1754 fecerunt]
2469 1690 2594 1740 Duo
2633 1689 2688 1738 in
2723 1687 2809 1736 hie

1731 1769 1876 1828 Fieri
1910 1766 2087 1819 verbis
2117 1764 2454 1829 reprehendit
2490 1764 2588 1814 Vir
2607 1762 2805 1813 incom-

1735 1843 2004 1909 parabilis,
2024 1843 2162 1908 quod
2181 1840 2499 1892 deditionem
2523 1846 2676 1891 vocet
2704 1837 2806 1888 foe-

1735 1919 1848 1984 dus,
1903 1926 1959 1970 et
2007 1918 2146 1985 qnod
2202 1915 2370 1966 foedus
2419 1917 2804 1980 Campanorum

1735 1995 1882 2046 dicut
1904 1995 2047 2060 prius
2066 1993 2224 2043 fnisse
2255 1990 2454 2042 foedere
2473 1990 2804 2042 Samnitium.

1736 2071 1840 2122 Sed
1875 2071 2006 2122 nibil
2042 2069 2128 2120 hic
2169 2069 2224 2118 in
2259 2083 2316 2118 se
2359 2067 2566 2117 admisit
2597 2067 2806 2128 Florus,

1735 2149 1886 2215 cujus
1929 2147 2160 2198 scemari
2197 2146 2385 2197 merito
2414 2144 2597 2210 possit.
2661 2144 2804 2194 Num

1735 2225 2052 2276 deditionem
2091 2237 2296 2290 qnoque
2327 2221 2497 2272 foedns
2534 2234 2670 2282 esse,
2703 2219 2806 2270 sed

1735 2302 1961 2353 omnium
1997 2301 2393 2368 iniquissimum,
2431 2297 2486 2348 id
2523 2297 2662 2348 clere
2681 2297 2804 2348 Me·

1733 2380 1942 2443 nippns,
2002 2374 2250 2427 Antiochi
2297 2375 2506 2440 legatus
2555 2387 2642 2437 up.
2685 2373 2806 2424 Liv.

1733 2454 1893 2506 docet
1931 2467 2122 2505 xxxxv.
2142 2457 2225 2504 67.
2247 2450 2466 2504 ubisit:
2513 2450 2532 2482 ‘
2548 2451 2676 2502 Esse
2697 2449 2806 2499 trin

1733 2545 1931 2596 genere
1965 2529 2242 2590 studerunt,
2265 2527 2452 2600 quibus
2471 2527 2614 2578 inter
2633 2540 2692 2576 se
2709 2541 2802 2591 pu-

1733 2609 2056 2658 ciscerentur
2083 2605 2338 2656 amicitias
2363 2603 2606 2656 civitates
2627 2617 2804 2667 reges·

1734 2698 1858 2750 que.
1923 2685 2118 2744 Unum,
2157 2697 2276 2732 cnm
2307 2681 2446 2732 beiio
2475 2681 2630 2732 vietis
2661 2678 2806 2730 dice·

1733 2767 1913 2810 rentur
1931 2758 2076 2824 leges
2098 2773 2113 2808 ι
2153 2758 2244 2809 ubi
2265 2757 2406 2809 enim
2427 2757 2600 2809 omnis.
2619 2755 2688 2820 ei,
2709 2755 2800 2820 qui

1734 2835 1890 2887 ermis
1913 2835 2029 2900 plns
2051 2839 2244 2899 posset,
2266 2831 2450 2884 dedits
2470 2839 2662 2898 essent,
2681 2845 2801 2898 qum

1733 2925 1804 2962 ex
1837 2911 1901 2962 iis
1932 2910 2127 2962 babere
2165 2910 2353 2974 victos,
2387 2909 2572 2976 quibus
2591 2907 2804 2958 multari

1733 2987 1880 3052 velit,
1915 2986 2078 3052 ipsius
2115 2987 2208 3050 jus
2246 2985 2621 3050 arbitriumque
2653 2997 2800 3042 esse;

1735 3064 1977 3127 alterum,
2013 3077 2130 3112 cnm
2169 3061 2310 3112 bello
2347 3075 2499 3125 putes
2531 3073 2680 3125 equo
2710 3057 2806 3108 fo-

1735 3139 1864 3190 dere
1887 3139 1939 3189 in
1961 3151 2139 3202 pacem
2169 3143 2330 3201 utque
2355 3135 2633 3185 smicithm
2659 3133 2804 3184 veni·

1735 3220 1856 3264 rent
1869 3229 1886 3264 ι
1921 3218 2050 3264 tunc
2071 3213 2210 3263 enirn
2229 3211 2400 3276 repeti
2421 3209 2671 3276 reddique
2705 3223 2808 3275 per

1734 3289 2130 3340 conventionem
2152 3303 2256 3352 res,
2291 3293 2348 3339 et
2379 3288 2422 3338 si
2455 3300 2668 3354 querum
2691 3295 2806 3338 tur-

1736 3365 1863 3417 bets
1905 3365 2046 3416 bello
2087 3364 2340 3429 possessio
2375 3363 2467 3428 sit,
2497 3378 2588 3414 ess
2608 3377 2674 3414 ex
2693 3361 2802 3415 for-

1733 3443 1875 3493 muln
1887 3441 2026 3506 juris
2047 3439 2266 3505 antiqui,
2286 3446 2377 3490 unt
2395 3454 2465 3490 ex
2487 3440 2651 3504 partis
2671 3441 2804 3490 utri·

1735 3533 1903 3586 usque
1949 3516 2220 3570 commodo
2259 3516 2498 3581 componi
2517 3533 2534 3564 ι
2569 3516 2804 3580 tertium,

1736 3611 1874 3662 cum,
1907 3597 1995 3662 qui
2016 3595 2192 3647 hostes
2213 3607 2476 3660 nunquam
2495 3591 2711 3656 fuerint,
2733 3593 2804 3646 sd

1737 3675 2020 3726 amicitiam
2035 3673 2216 3725 sociali
2232 3671 2429 3724 foedere
2451 3671 2590 3722 inter
2609 3685 2666 3722 se
2677 3673 2804 3737 jun·

1735 3751 1960 3816 gendum
2001 3749 2213 3814 coeunt,
2265 3763 2356 3799 eos
2409 3761 2578 3813 neque
2625 3747 2806 3800 dicem

1735 3841 1904 3894 neque
1923 3825 2164 3890 accipere
2182 3825 2343 3888 leges,
2361 3822 2416 3874 id
2431 3823 2568 3873 enim
2583 3822 2804 3874 victoris

1735 3909 1792 3954 et
1813 3901 1939 3953 victi
1961 3901 2112 3952 esse!
2147 3902 2242 3951 Est
2263 3901 2424 3964 igitur
2439 3901 2580 3950 inter
2597 3899 2804 3952 foeders

1735 3977 1954 4043 deditio,
1978 3975 2070 4027 sed
2087 3975 2424 4042 iniquissime.
2489 3977 2608 4028 Hoc
2621 3977 2804 4028 Livius

1736 4055 1894 4105 etism
1938 4053 2092 4104 docet
2131 4053 2222 4104 lib.
2267 4066 2348 4106 rx.
2395 4055 2482 4104 2⁰.
2537 4054 2556 4082 ‘
2577 4053 2808 4104 'l'bcstes

1733 4128 1934 4195 Appuii
1969 4129 2400 4194 impetraverunt,
2431 4135 2491 4179 nt
2513 4126 2684 4180 foedus
2706 4129 2811 4181 du-

1735 4211 1914 4256 reture
1967 4217 2142 4272 neque
2187 4217 2336 4270 usquo
2373 4209 2548 4254 tumen
2585 4202 2810 4268 federe,

1735 4279 1826 4334 sed
1863 4281 2003 4334 utin
2023 4281 2226 4334 ditione
2259 4282 2440 4350 populi
2473 4283 2688 4336 Βοωιιιί
2721 4297 2812 4336 es-
