3234 4909
945 360 1012 407 1..
1058 358 1315 409 Anum
1366 360 1587 409 nom
1637 360 1780 409 mn.
1828 362 1876 409 ι.
1921 360 2086 411 car.
2128 345 2233 410 11.

493 498 625 551 'riam
672 500 1019 551 narrationem
1072 504 1211 553 Deos
1252 508 1309 555 et
1350 502 1553 565 heroas,

496 584 737 641 tanquam
760 578 811 626 in
834 578 1087 642 tragoedia
1110 592 1178 627 ex
1195 578 1455 640 machina,
1476 580 1553 629 in·

495 650 674 701 ducat.
742 650 1030 715 Praeterea,
1050 652 1173 703 dum
1196 654 1381 704 nimius
1398 662 1481 704 est
1495 654 1551 705 in

494 730 790 779 exornanda
811 730 1003 795 fabula,
1023 724 1080 783 et
1102 732 1409 783 ostentando
1430 748 1551 783 acu-

496 798 638 855 'mine
681 806 1069 872 declamatorio,
1102 808 1339 859 fortassis
1370 810 1551 873 inepte

490 890 743 931 memorat
766 884 1099 947 stipendium,
1122 884 1261 950 quod
1288 898 1354 934 ea
1390 892 1549 937 atate

488 957 717 1009 nondum
740 962 1075 1011 constitutum
1098 968 1215 1011 erat
1234 961 1499 1012 militibus.

554 1034 835 1099 Dabitoeit]
870 1037 955 1087 Ita
986 1037 1107 1087 olim
1140 1038 1281 1104 cusi3
1316 1038 1393 1087 ita
1410 1038 1547 1102 triga

488 1108 861 1163 Palatinornm.
920 1115 1067 1164 Gna.

555 1188 847 1253 Pectusque]
876 1190 963 1240 Sic
1004 1190 1139 1240 Pan.
1174 1204 1351 1241 omnes
1384 1192 1459 1241 sic
1492 1199 1547 1243 et

488 1262 557 1310 V.
579 1264 664 1326 E„
682 1272 749 1314 ne
770 1266 853 1315 cui
874 1265 1041 1315 adhuc
1063 1267 1269 1329 placeat
1290 1266 1548 1317 Camerti·

484 1344 752 1404 nactusque.
788 1341 941 1393 Grut.

552 1416 623 1465 Et
638 1418 847 1468 reddidit
858 1422 1001 1482 piane
1014 1420 1148 1483 quasi
1158 1420 1551 1471 mmo-iba·

484 1492 581 1541 dt's's
598 1493 907 1557 stipendium]
930 1495 1123 1545 Melior
1144 1496 1301 1545 etiam
1316 1496 1415 1547 bac
1433 1510 1547 1561 par·

486 1574 559 1631 te,
580 1569 713 1617 utin
738 1569 994 1631 omnibus,
1016 1570 1147 1622 Nan.
1178 1572 1265 1637 qui
1296 1572 1462 1636 legit:
1498 1578 1547 1623 e‘e

482 1645 693 1693 reddidit
728 1647 863 1708 quusi
902 1648 1189 1709 stipendium
1214 1649 1545 1697 mentimi-

486 1724 571 1773 ωε
587 1726 695 1775 diis.
744 1727 815 1775 Et
836 1727 911 1775 sic
930 1742 1133 1792 quoque
1155 1726 1271 1777 Pal.
1295 1732 1345 1778 1.
1377 1726 1547 1792 Alter,

483 1805 546 1847 ut
567 1801 865 1863 posterioris
890 1802 1008 1864 aevi,
1028 1802 1107 1851 ita
1136 1802 1294 1852 etiam
1321 1802 1547 1853 deterio-

484 1876 556 1925 ris
600 1886 761 1939 notae,
800 1878 1057 1928 sincerum
1101 1879 1376 1944 incrustat,
1406 1880 1546 1930 voci·

481 1950 580 2001 bus
624 1952 849 2003 additis:
900 1959 951 2003 er
989 1955 1203 2004 reddidit
1236 1957 1377 2019 plene
1410 1956 1546 2020 quasi

481 2028 767 2093 stipendium
832 2030 1082 2095 militibus,
1152 2032 1547 2083 militen-’bn

482 2104 592 2154 diis.
626 2120 691 2154 ea
722 2106 937 2155 licentia
973 2106 1092 2169 fuit,
1128 2114 1313 2172 aperta
1336 2110 1386 2157 vi
1408 2124 1544 2173 gras-

484 2180 631 2229 sandi
676 2181 729 2229 iu
770 2181 931 2231 bonos
972 2190 1228 2233 auctores.
1278 2184 1381 2233 Sul.
1476 2182 1543 2235 1⁵⁸8

476 2256 689 2305 reddidit
716 2259 857 2319 plene
886 2258 1023 2321 quasi
1050 2260 1335 2323 stipendium
1352 2262 1543 2311 wmms’·

478 2332 703 2383 &ionibus
724 2335 861 2399 Diis]
889 2336 1092 2387 Positio
1114 2337 1391 2388 verborum
1414 2354 1542 2404 pen-

418 2451 429 2459 „
478 2408 571 2459 det
592 2424 625 2458 a
653 2409 757 2459 tide
794 2412 951 2461 trium
986 2410 1113 2462 Pal:
1136 2412 1233 2463 nisi
1264 2414 1402 2479 quod
1432 2428 1540 2467 sec.

476 2484 769 2548 interjiciat
807 2500 1023 2550 vocem3
1057 2490 1345 2553 stipendium
1370 2492 1539 2542 aazia·

478 2559 563 2608 bus
582 2560 988 2612 comilitonibus.
1028 2564 1348 2627 Vulgabatur
1363 2568 1537 2629 prins:

471 2636 614 2697 piune
646 2637 781 2699 quusi
802 2638 1213 2689 commilitonibus·
1227 2641 1345 2690 Diis
1360 2642 1539 2705 stipen-

476 2711 622 2762 dium.
690 2714 792 2762 Res
816 2714 1021 2779 quidem
1048 2715 1231 2765 eodem
1266 2716 1558 2782 redit,sed-

476 2789 755 2841 videbatur
798 2792 1251 2855 reproesentandus
1288 2794 1539 2845 librorum

476 2880 769 2918 consensus.
820 2870 967 2919 Grai.
1046 2869 1370 2921 Rotundiora
1424 2872 1537 2921 bec

475 2953 655 2996 essent
677 2953 732 2997 et
766 2936 998 3012 planiora
1032 2949 1076 2997 si
1112 2948 1375 2999 deleretur
1406 2950 1537 2999 Diis.

478 3022 639 3072 Forte
660 3024 771 3073 ltaec
792 3036 895 3075 vox
934 3026 1143 3089 irrepsit
1175 3040 1241 3073 ex
1278 3026 1537 3090 interpre-

474 3099 675 3148 tatione
694 3101 949 3164 magistri,
972 3102 1061 3164 qui
1084 3100 1431 3166 adscripscrat
1448 3113 1535 3153 vo-

474 3172 521 3223 ci
544 3174 935 3223 commilitonibus
951 3174 1011 3222 τδ
1034 3176 1164 3239 Diis,
1182 3182 1245 3226 ut
1266 3179 1535 3241 tyronibus

474 3250 790 3312 ostenderet,
826 3250 1033 3315 quinam
1056 3249 1276 3301 fuissent
1296 3252 1373 3302 illi
1396 3268 1534 3303 com·

470 3326 754 3388 militones,
778 3326 959 3391 quibus
982 3327 1081 3377 hoc
1111 3328 1423 3392 stipendium
1446 3330 1535 3379 de-

472 3399 569 3449 dit.
601 3400 707 3449 Sed
727 3401 967 3464 quoniam
991 3408 1197 3451 veteres
1214 3402 1335 3453 libri
1358 3418 1534 3455 omnes

472 3476 702 3526 retinent
750 3476 887 3539 Diis,
932 3476 1263 3527 distinctione
1319 3484 1376 3527 et
1430 3480 1535 3529 levi

472 3551 875 3617 transpositione
922 3566 1189 3617 possemus
1240 3553 1363 3605 huic
1416 3556 1533 3607 loco

470 3630 688 3691 mederi,
710 3628 1019 3686 scribentes,
1052 3634 1101 3679 et
1134 3630 1366 3694 reddidit,
1393 3634 1535 3695 plane

471 3707 607 3769 quasi
638 3704 1045 3769 commilitonibus,
1078 3706 1367 3770 stipendium
1398 3708 1531 3761 Diis.

470 3782 647 3834 Graev.
716 3784 977 3849 sequutus
1012 3796 1125 3831 sum
1162 3783 1393 3834 ordinem
1416 3798 1533 3835 ver-

471 3858 670 3923 borum,
691 3858 777 3924 qui
800 3863 883 3908 est
906 3858 957 3907 in
982 3859 1152 3922 Ryck.
1184 3860 1349 3924 Regg.
1370 3860 1533 3925 Magi.

470 3936 645 3985 Bet-ol.
682 3932 867 3985 Duisb.
898 3940 954 3982 et
980 3948 1028 3983 v.
1050 3950 1098 3984 e.
1141 3936 1371 3987 Freinsh.
1408 3950 1529 4001 quo-

472 4026 575 4075 que
609 4015 664 4060 et
700 4010 911 4061 Graevio
951 4010 1244 4073 probatum.
1298 4012 1530 4063 Reddidit

470 4088 638 4149 Ryck.
670 4094 725 4135 et
756 4089 826 4137 al.
870 4087 1004 4138 Edd.
1040 4087 1153 4137 sine
1194 4087 1528 4140 distinctione

469 4164 791 4227 conjungunt
824 4178 941 4213 eum
976 4178 1120 4227 seqq.
1161 4164 1351 4213 Duisb.
1385 4170 1441 4214 et
1468 4166 1527 4216 V.

470 4238 571 4289 Ed.
606 4244 725 4303 post
766 4252 881 4290 eam
922 4252 1100 4290 vocem
1142 4240 1526 4291 distinctionem

2555 345 2690 420 503

1627 500 1838 565 babent,
1871 516 1970 555 nee
2011 506 2166 555 male.
2233 502 2416 555 Pacu·
2439 506 2690 563 videricus

1627 582 1798 643 templa
1831 581 2048 644 monisit
2085 584 2136 631 et
2167 580 2376 631 reddidit
2407 582 2547 644 Diis,
2585 589 2687 644 est,

1625 657 1772 707 vovit
1791 656 1912 707 Diis
1933 658 2200 721 tempium,
2219 658 2262 707 si
2297 658 2564 707 victoriam
2589 659 2686 709 sibi

1625 733 1831 798 darent,
1881 750 1944 785 ac
1980 734 2176 785 deinde
2225 733 2444 785 victoria
2489 736 2688 798 potitus

1625 817 1798 861 votum
1821 811 2068 873 reddidit,
2081 811 2440 875 templumque
2461 810 2526 860 ils
2545 810 2686 863 fecit.

1625 884 1918 939 Promittere
1945 894 2002 938 et
2031 888 2226 937 reddere
2255 894 2378 937 sunt
2410 886 2570 937 verba
2603 902 2688 937 vo-

1623 969 1812 1013 torum.
1877 965 2049 1015 Catul.
2085 964 2256 1013 Carm.
2301 976 2434 1014 mur.
2455 977 2533 1013 vs.
2575 968 2688 1013 103.

1626 1042 1642 1067 ⁴
1662 1041 1974 1091 Munuscula
1993 1040 2128 1090 divis
2155 1040 2498 1103 Promittens,
2519 1041 2686 1089 tacito

1621 1116 1892 1181 suspendit
1933 1126 2058 1167 vota
2091 1116 2316 1179 labello,'
2367 1123 2424 1165 et
2459 1128 2682 1166 xxxvii.

1619 1193 1638 1221 ⁶
1659 1192 1956 1257 Acceptum
2001 1190 2120 1244 face
2179 1192 2546 1256 redditumque
2597 1206 2683 1242 vo-

1623 1269 1764 1319 tum.’
1841 1269 1963 1321 Vid.
2007 1270 2150 1320 Stat.
2191 1269 2258 1319 ad
2302 1270 2474 1320 Catnl.
2520 1269 2683 1329 Brisa.

1621 1343 1793 1394 Form.
1825 1359 1878 1408 p.
1901 1347 2016 1396 1⁰8.
2049 1350 2106 1393 et
2141 1344 2370 1394 Broekb.
2405 1343 2474 1394 ad
2506 1345 2682 1395 Tibul.

1619 1430 1711 1469 ιιι.
1731 1426 1782 1485 ὅ,
1805 1424 1886 1471 ⁸8.
1931 1421 2002 1470 Et
2017 1422 2196 1483 pacisci
2217 1420 2286 1470 de
2307 1422 2490 1471 eadem
2513 1435 2570 1471 re
2595 1436 2678 1485 ap.

1621 1494 1812 1546 Horat.
1849 1497 2023 1546 Canu.
2057 1509 2144 1547 ιιι.
2164 1500 2248 1547 29.
2273 1501 2356 1546 ³9.
2375 1499 2390 1525 ‘
2415 1497 2568 1547 Votis
2589 1511 2682 1562 pa-

1619 1572 1768 1633 cisci,
1809 1572 1896 1623 Ne
1939 1573 2152 1636 Cypria
2191 1573 2438 1636 Tyriaeve
2481 1586 2680 1624 merces

1621 1646 1836 1697 Addunt
1866 1662 2024 1699 avaro
2051 1648 2260 1699 divitias
2288 1648 2450 1700 mari!
2503 1650 2682 1699 Livius

1619 1736 1683 1773 ιι.
1706 1728 1789 1775 20.
1810 1730 1868 1775 et
1888 1728 1971 1775 n.
2003 1726 2094 1774 uni
2129 1724 2336 1773 Castori
2359 1739 2390 1773 a
2408 1725 2678 1775 Postumio

1619 1800 1786 1850 aedem
1818 1806 1996 1851 votam
2014 1800 2216 1851 scribit.
2249 1801 2352 1849 Sed
2376 1800 2676 1852 ibi·uomine

1616 1875 1850 1927 Castoris
1867 1876 2028 1928 etiam
2059 1877 2251 1927 Pollux
2273 1876 2586 1938 continetur,
2619 1886 2680 1927 ut

1615 1957 1841 2015 apparet
1871 1966 1902 2002 e
1929 1952 2166 2016 Dionys.
2205 1966 2285 2003 vr.
2327 1957 2407 2002 18.
2447 1959 2504 2001 et
2545 1953 2675 2001 Aur.

1614 2028 1734 2077 Vic.
1751 2042 1797 2078 c.
1821 2042 1938 2079 xvt.
1960 2028 2084 2077 vid.
2107 2027 2346 2092 Interpp.
2367 2027 2598 2077 Suetonii
2611 2028 2677 2077 ad

1616 2103 1752 2154 Coes.
1776 2119 1824 2153 c.
1849 2116 1903 2153 x.

1681 2182 1726 2243 §.
1743 2186 1772 2230 δ
1805 2181 1934 2231 Mox
1955 2182 2228 2247 definibus]
2246 2181 2484 2233 Alterum
2518 2196 2676 2233 tuem-

1614 2256 1764 2307 brum
1781 2258 2046 2308 divisionis
2067 2259 2362 2322 propositae,
2379 2261 2484 2308 1.9.
2501 2264 2549 2307 6.
2587 2258 2676 2307 Fr.

1680 2334 1798 2385 Sine
1823 2336 2192 2399 intermissione]
2229 2336 2384 2386 Grnt.
2405 2336 2552 2399 legit,
2573 2338 2678 2385 sine

1612 2411 1866 2469 missione,-
1883 2411 2019 2475 quod
2043 2420 2125 2462 est
2147 2410 2364 2473 ἰτὼ-ιβ.
2385 2416 2465 2462 20.
2487 2417 2565 2462 14.
2599 2414 2678 2462 Id.

1679 2488 1724 2550 ς.
1743 2492 1778 2538 6
1809 2487 1954 2553 Sora]
1993 2489 2506 2552 Soram,·volst·orum
2527 2492 2676 2553 oppi-

1614 2563 1757 2624 dum,
1776 2564 1830 2613 in
1853 2565 2135 2629 Campania
2157 2562 2312 2611 fuisse
2337 2564 2560 2625 invenio,
2583 2564 2676 2611 de-

1610 2635 1802 2689 fecisse
1833 2639 1900 2689 ad
1919 2640 2178 2689 Samnites
2211 2638 2348 2688 bello
2370 2638 2673 2699 Samnitico,

1610 2713 1908 2767 interfectis
1941 2716 2184 2765 Romanis
2199 2715 2416 2777 colonis,
2439 2712 2500 2763 Α.
2523 2714 2589 2763 U.
2614 2716 2673 2772 (Σ.

1610 2794 1724 2841 438.
1778 2798 2016 2855 eamque,
2056 2791 2124 2841 ob
2177 2793 2328 2839 situm
2373 2800 2673 2854 expugnatu

1610 2864 1892 2929 difficilem,
1928 2866 2108 2918 Sorani
2152 2864 2440 2929 transfugae
2483 2868 2674 2919 indicio

1610 2950 1851 3007 captam:
1887 2944 2198 2993 Colonorum
2235 2944 2392 2993 caedis
2432 2959 2495 2993 ac
2527 2944 2672 2994 dedi-

1612 3018 1766 3068 tionis
1795 3024 2034 3069 auetores
2049 3024 2164 3070 235.
2196 3021 2374 3069 Romae
2399 3020 2556 3083 virgis
2573 3034 2672 3069 oae·

1610 3107 1694 3144 sos
1717 3110 1778 3145 ac
1793 3096 1962 3145 securi
1987 3110 2272 3159 percussos.
2307 3094 2446 3144 Stati.
2487 3110 2554 3143 ex
2591 3098 2674 3144 Li-

1611 3169 1716 3231 vio,
1733 3173 1784 3218 9.
1813 3174 1897 3220 2³.
1931 3178 1988 3219 et
2025 3170 2288 3233 deinceps.
2325 3170 2412 3220 Fr.
2483 3172 2586 3220 Ora
2619 3174 2670 3219 in

1609 3243 1865 3309 plerisque
1895 3252 2026 3296 vett.
2051 3260 2166 3295 esse
2189 3247 2241 3295 in
2265 3248 2546 3309 exemplat-i
2577 3264 2670 3297 suo

1610 3320 1900 3381 scripserat
1917 3320 2212 3371 Salmasius.

1673 3396 1927 3459 Algidum]
1998 3399 2061 3448 ln
2127 3398 2403 3450 Jordaneis
2461 3402 2664 3451 Alsium.

1606 3471 1916 3536 Ptole-eo,
1958 3472 2063 3524 νέον
2103 3472 2322 3539 κάπρον,
2365 3475 2548 3540 πύργον
2586 3478 2673 3527 ἀλ·

1608 3564 1726 3598 eaor.
1771 3550 2038 3613 Stephano
2072 3550 2311 3613 Ἀλγιδος,
2349 3554 2486 3617 quod
2527 3557 2669 3618 Algi-

1604 3625 1735 3675 dam.
1801 3624 1904 3675 Sed
1935 3626 2076 3675 aliud
2095 3627 2296 3677 Alsium.
2329 3629 2435 3679 Sal.
2501 3629 2669 3693 Oppi-

1607 3700 1728 3751 dum
1779 3708 1863 3751 est
1901 3700 2202 3766 AEquorum,
2261 3718 2364 3754 non
2413 3707 2594 3768 procul
2639 3720 2669 3753 a

1605 3776 1855 3841 Tusculo,
1905 3778 1958 3829 in
2003 3780 2108 3829 aito
2169 3786 2347 3831 monte
2387 3783 2558 3831 situm.
2611 3790 2664 3830 et

1605 3855 1623 3884 ‘
1645 3870 1792 3905 mons
1829 3854 2084 3920 Algidus,’
2119 3858 2210 3922 qui
2239 3857 2401 3907 distat
2441 3856 2506 3905 ab
2539 3856 2665 3905 urbe

1605 3946 1654 3983 e.
1676 3932 1874 3994 stadiis,
1898 3938 1952 3981 et
1987 3932 2002 3959 ‘
2020 3931 2150 3980 silva
2168 3929 2390 3993 Algida‚’
2425 3930 2480 3978 in
2513 3932 2663 3993 cujus

1602 4010 1840 4073 ingressu
1883 4015 1966 4057 est
2009 4006 2240 4071 Regillus
2281 4007 2441 4055 lacus.
2509 4006 2665 4063 Circa

1602 4088 1740 4136 hunc
1761 4087 1930 4135 locum
1955 4084 2226 4134 Gracchus
2243 4082 2522 4147 AEquorum
2539 4084 2664 4146 dux,

1604 4162 1662 4211 1..
1685 4161 1974 4211 Minucium
1999 4160 2116 4209 Cos.
2153 4172 2268 4207 cum
2306 4159 2544 4209 exercitu
2571 4160 2661 4211 ob-

1600 4238 1833 4302 sederat,
1858 4252 1958 4302 quo
1991 4234 2172 4289 nun‘tio
2211 4250 2326 4285 cum
2359 4236 2534 4289 Romus
2557 4245 2661 4289 tre-
