<?xml version="1.0" encoding="UTF-8"?>
<!DOCTYPE html PUBLIC "-//W3C//DTD XHTML 1.0 Transitional//EN"
    "http://www.w3.org/TR/xhtml1/DTD/xhtml1-transitional.dtd">
<html xmlns="http://www.w3.org/1999/xhtml" xml:lang="en" lang="en">
 <head>
  <title>
</title>
<meta http-equiv="Content-Type" content="text/html;charset=utf-8" />
  <meta name='ocr-system' content='tesseract 3.04.00' />
  <meta name='ocr-capabilities' content='ocr_page ocr_carea ocr_par ocr_line ocrx_word'/>
</head>
<body>
  <div class='ocr_page' id='page_1' title='image "./lannaeifloriepi00unkngoog/lannaeifloriepi00unkngoog_0022.png"; bbox 0 0 3234 4909; ppageno 0'>
   <div class='ocr_carea' id='block_1_1' title="bbox 551 382 1946 450">
    <p class='ocr_par' dir='ltr' id='par_1_1' title="bbox 551 382 1946 450">
     <span class='ocr_line' id='line_1_1' title="bbox 551 382 1946 450; baseline 0.002 -6"><span class='ocrx_word' id='word_1_1' title='bbox 551 382 636 445; x_wconf 73' lang='lat'>14</span> <span class='ocrx_word' id='word_1_2' title='bbox 708 411 718 424; x_wconf 52' lang='grc' dir='ltr'><strong>ι</strong></span> <span class='ocrx_word' id='word_1_3' title='bbox 1367 399 1426 447; x_wconf 75' lang='lat' dir='ltr'>s.</span> <span class='ocrx_word' id='word_1_4' title='bbox 1475 397 1546 450; x_wconf 77' lang='lat' dir='ltr'>o.</span> <span class='ocrx_word' id='word_1_5' title='bbox 1593 393 1946 447; x_wconf 63' lang='lat' dir='ltr'>cnfflvrus</span> 
     </span>
    </p>
   </div>
   <div class='ocr_carea' id='block_1_2' title="bbox 554 538 2753 724">
    <p class='ocr_par' dir='ltr' id='par_1_2' title="bbox 554 538 2753 724">
     <span class='ocr_line' id='line_1_2' title="bbox 554 538 2749 624; baseline -0.001 -15"><span class='ocrx_word' id='word_1_6' title='bbox 554 540 907 609; x_wconf 75' lang='lat' dir='ltr'>verendum</span> <span class='ocrx_word' id='word_1_7' title='bbox 935 542 1232 620; x_wconf 77' lang='lat' dir='ltr'>reddere,</span> <span class='ocrx_word' id='word_1_8' title='bbox 1273 545 1350 605; x_wconf 81' lang='lat' dir='ltr'>ut</span> <span class='ocrx_word' id='word_1_9' title='bbox 1397 540 1547 624; x_wconf 86' lang='lat' dir='ltr'>ejus</span> <span class='ocrx_word' id='word_1_10' title='bbox 1593 539 1879 605; x_wconf 86' lang='lat' dir='ltr'>nominis</span> <span class='ocrx_word' id='word_1_11' title='bbox 1928 538 2251 623; x_wconf 82' lang='lat' dir='ltr'>majestas</span> <span class='ocrx_word' id='word_1_12' title='bbox 2288 541 2599 608; x_wconf 85' lang='lat' dir='ltr'>omnibus</span> <span class='ocrx_word' id='word_1_13' title='bbox 2642 559 2749 607; x_wconf 83' lang='lat' dir='ltr'>sa·</span> 
     </span>
     <span class='ocr_line' id='line_1_3' title="bbox 556 639 2753 724; baseline -0.001 -14"><span class='ocrx_word' id='word_1_14' title='bbox 556 664 737 710; x_wconf 82' lang='lat' dir='ltr'>cmm</span> <span class='ocrx_word' id='word_1_15' title='bbox 765 643 1048 708; x_wconf 84' lang='lat' dir='ltr'>incutiat</span> <span class='ocrx_word' id='word_1_16' title='bbox 1074 643 1428 707; x_wconf 88' lang='lat' dir='ltr'>horrorem.</span> <span class='ocrx_word' id='word_1_17' title='bbox 1515 641 1651 706; x_wconf 86' lang='lat' dir='ltr'>Sed</span> <span class='ocrx_word' id='word_1_18' title='bbox 1669 659 1823 724; x_wconf 78' lang='lat' dir='ltr'>quae</span> <span class='ocrx_word' id='word_1_19' title='bbox 1844 640 1997 705; x_wconf 77' lang='lat' dir='ltr'>haec</span> <span class='ocrx_word' id='word_1_20' title='bbox 2022 644 2129 704; x_wconf 85' lang='lat' dir='ltr'>est</span> <span class='ocrx_word' id='word_1_21' title='bbox 2156 641 2499 723; x_wconf 79' lang='lat' dir='ltr'>protervia</span> <span class='ocrx_word' id='word_1_22' title='bbox 2516 643 2547 706; x_wconf 74' lang='lat' dir='ltr'>&#39;l</span> <span class='ocrx_word' id='word_1_23' title='bbox 2592 639 2753 708; x_wconf 88' lang='lat' dir='ltr'>Vir·</span> 
     </span>
    </p>
   </div>
   <div class='ocr_carea' id='block_1_3' title="bbox 553 740 2885 830">
    <p class='ocr_par' dir='ltr' id='par_1_3' title="bbox 553 740 2885 830">
     <span class='ocr_line' id='line_1_4' title="bbox 553 740 2885 830; baseline -0 -20"><span class='ocrx_word' id='word_1_24' title='bbox 553 747 754 830; x_wconf 81' lang='lat' dir='ltr'>gilius</span> <span class='ocrx_word' id='word_1_25' title='bbox 781 743 1223 810; x_wconf 70' lang='lat' dir='ltr'>1V.AEueidis</span> <span class='ocrx_word' id='word_1_26' title='bbox 1249 745 1450 824; x_wconf 86' lang='lat' dir='ltr'>canit,</span> <span class='ocrx_word' id='word_1_27' title='bbox 1496 747 1724 809; x_wconf 80' lang='lat' dir='ltr'>vatum</span> <span class='ocrx_word' id='word_1_28' title='bbox 1751 741 2083 825; x_wconf 69' lang='lat' dir='ltr'>praedicta</span> <span class='ocrx_word' id='word_1_29' title='bbox 2122 744 2144 774; x_wconf 83' lang='lat'><em>‘</em></span> <span class='ocrx_word' id='word_1_30' title='bbox 2169 740 2465 808; x_wconf 86' lang='lat' dir='ltr'>horribili</span> <span class='ocrx_word' id='word_1_31' title='bbox 2490 745 2751 810; x_wconf 86' lang='lat' dir='ltr'>monitu</span> <span class='ocrx_word' id='word_1_32' title='bbox 2874 815 2885 826; x_wconf 18' lang='lat'>⁸</span> 
     </span>
    </p>
   </div>
   <div class='ocr_carea' id='block_1_4' title="bbox 551 843 2767 1540">
    <p class='ocr_par' dir='ltr' id='par_1_4' title="bbox 552 843 2752 925">
     <span class='ocr_line' id='line_1_5' title="bbox 552 843 2752 925; baseline -0.001 -12"><span class='ocrx_word' id='word_1_33' title='bbox 552 845 971 924; x_wconf 66' lang='lat' dir='ltr'>horrificae:</span> <span class='ocrx_word' id='word_1_34' title='bbox 1009 846 1145 911; x_wconf 85' lang='lat' dir='ltr'>hoc</span> <span class='ocrx_word' id='word_1_35' title='bbox 1190 851 1314 924; x_wconf 89' lang='lat' dir='ltr'>est,</span> <span class='ocrx_word' id='word_1_36' title='bbox 1359 845 1761 912; x_wconf 74' lang='lat' dir='ltr'>terribilibus</span> <span class='ocrx_word' id='word_1_37' title='bbox 1804 843 2025 920; x_wconf 87' lang='lat' dir='ltr'>rebus,</span> <span class='ocrx_word' id='word_1_38' title='bbox 2078 861 2249 925; x_wconf 87' lang='lat' dir='ltr'>quas</span> <span class='ocrx_word' id='word_1_39' title='bbox 2294 843 2555 912; x_wconf 86' lang='lat' dir='ltr'>futuras</span> <span class='ocrx_word' id='word_1_40' title='bbox 2582 863 2752 910; x_wconf 90' lang='lat' dir='ltr'>nun·</span> 
     </span>
    </p>

    <p class='ocr_par' dir='ltr' id='par_1_5' title="bbox 551 943 2763 1217">
     <span class='ocr_line' id='line_1_6' title="bbox 555 943 2755 1026; baseline 0 -13"><span class='ocrx_word' id='word_1_41' title='bbox 555 948 849 1026; x_wconf 68' lang='lat' dir='ltr'>ciabnm,</span> <span class='ocrx_word' id='word_1_42' title='bbox 874 947 1212 1012; x_wconf 83' lang='lat' dir='ltr'>horrorem</span> <span class='ocrx_word' id='word_1_43' title='bbox 1236 953 1308 1012; x_wconf 78' lang='lat' dir='ltr'>et</span> <span class='ocrx_word' id='word_1_44' title='bbox 1331 951 1578 1012; x_wconf 78' lang='lat' dir='ltr'>metum</span> <span class='ocrx_word' id='word_1_45' title='bbox 1615 944 1999 1024; x_wconf 42' lang='lat' dir='ltr'>horninibus</span> <span class='ocrx_word' id='word_1_46' title='bbox 2022 943 2278 1010; x_wconf 73' lang='lat' dir='ltr'>afferre.</span> <span class='ocrx_word' id='word_1_47' title='bbox 2362 943 2503 1011; x_wconf 82' lang='lat' dir='ltr'>Sed</span> <span class='ocrx_word' id='word_1_48' title='bbox 2528 951 2755 1014; x_wconf 82' lang='lat' dir='ltr'>nester</span> 
     </span>
     <span class='ocr_line' id='line_1_7' title="bbox 553 1045 2767 1131; baseline -0 -17"><span class='ocrx_word' id='word_1_49' title='bbox 553 1050 765 1115; x_wconf 89' lang='lat' dir='ltr'>noluit</span> <span class='ocrx_word' id='word_1_50' title='bbox 793 1049 906 1114; x_wconf 84' lang='lat' dir='ltr'>via</span> <span class='ocrx_word' id='word_1_51' title='bbox 929 1049 1200 1131; x_wconf 79' lang='lat' dir='ltr'>vulgata</span> <span class='ocrx_word' id='word_1_52' title='bbox 1223 1053 1290 1113; x_wconf 85' lang='lat' dir='ltr'>et</span> <span class='ocrx_word' id='word_1_53' title='bbox 1314 1048 1472 1114; x_wconf 86' lang='lat' dir='ltr'>trita</span> <span class='ocrx_word' id='word_1_54' title='bbox 1514 1047 1851 1114; x_wconf 77' lang='lat' dir='ltr'>incedere.</span> <span class='ocrx_word' id='word_1_55' title='bbox 1940 1045 2175 1124; x_wconf 69' lang='lat' dir='ltr'>Nova,</span> <span class='ocrx_word' id='word_1_56' title='bbox 2216 1046 2411 1127; x_wconf 76' lang='lat' dir='ltr'>mira,</span> <span class='ocrx_word' id='word_1_57' title='bbox 2451 1045 2767 1114; x_wconf 68' lang='lat' dir='ltr'>irmffita&#39;</span> 
     </span>
     <span class='ocr_line' id='line_1_8' title="bbox 551 1147 2757 1230; baseline 0 -14"><span class='ocrx_word' id='word_1_58' title='bbox 551 1150 818 1217; x_wconf 78' lang='lat' dir='ltr'>fuerunt</span> <span class='ocrx_word' id='word_1_59' title='bbox 839 1149 1306 1216; x_wconf 83' lang='lat' dir='ltr'>consectanda.</span> <span class='ocrx_word' id='word_1_60' title='bbox 1391 1149 1580 1216; x_wconf 84' lang='lat' dir='ltr'>Nam</span> <span class='ocrx_word' id='word_1_61' title='bbox 1628 1148 1949 1215; x_wconf 59' lang='lat' dir='ltr'>mutis</span> <span class='ocrx_word' id='word_1_62' title='bbox 1992 1147 2290 1214; x_wconf 80' lang='lat' dir='ltr'>studium</span> <span class='ocrx_word' id='word_1_63' title='bbox 2337 1150 2567 1230; x_wconf 84' lang='lat' dir='ltr'>harum</span> <span class='ocrx_word' id='word_1_64' title='bbox 2608 1151 2757 1216; x_wconf 87' lang='lat' dir='ltr'>ina-</span> 
     </span>
    </p>

    <p class='ocr_par' dir='ltr' id='par_1_6' title="bbox 553 1248 2759 1540">
     <span class='ocr_line' id='line_1_9' title="bbox 553 1248 2759 1336; baseline 0 -20"><span class='ocrx_word' id='word_1_65' title='bbox 553 1252 982 1318; x_wconf 86' lang='lat' dir='ltr'>nissimarum</span> <span class='ocrx_word' id='word_1_66' title='bbox 1007 1252 1407 1336; x_wconf 62' lang='lat' dir='ltr'>argutiarum</span> <span class='ocrx_word' id='word_1_67' title='bbox 1435 1251 1645 1316; x_wconf 85' lang='lat' dir='ltr'>unica</span> <span class='ocrx_word' id='word_1_68' title='bbox 1686 1256 1791 1316; x_wconf 84' lang='lat' dir='ltr'>est</span> <span class='ocrx_word' id='word_1_69' title='bbox 1838 1268 2071 1328; x_wconf 86' lang='lat' dir='ltr'>causa,</span> <span class='ocrx_word' id='word_1_70' title='bbox 2118 1254 2194 1313; x_wconf 90' lang='lat' dir='ltr'>ut</span> <span class='ocrx_word' id='word_1_71' title='bbox 2240 1249 2521 1332; x_wconf 81' lang='lat' dir='ltr'>pulchre</span> <span class='ocrx_word' id='word_1_72' title='bbox 2553 1248 2759 1317; x_wconf 85' lang='lat' dir='ltr'>docet</span> 
     </span>
     <span class='ocr_line' id='line_1_10' title="bbox 555 1347 2757 1438; baseline -0.002 -20"><span class='ocrx_word' id='word_1_73' title='bbox 555 1353 922 1438; x_wconf 72' lang='lat' dir='ltr'>Longinus,</span> <span class='ocrx_word' id='word_1_74' title='bbox 953 1355 1024 1418; x_wconf 86' lang='lat' dir='ltr'>in</span> <span class='ocrx_word' id='word_1_75' title='bbox 1049 1373 1254 1420; x_wconf 80' lang='lat' dir='ltr'>aureo</span> <span class='ocrx_word' id='word_1_76' title='bbox 1299 1354 1528 1420; x_wconf 80' lang='lat' dir='ltr'>libello</span> <span class='ocrx_word' id='word_1_77' title='bbox 1568 1351 1692 1438; x_wconf 65' lang='grc' dir='ltr'>περὶ</span> <span class='ocrx_word' id='word_1_78' title='bbox 1737 1347 1929 1426; x_wconf 68' lang='grc' dir='ltr'><strong><em>ὕψους·</em></strong></span> <span class='ocrx_word' id='word_1_79' title='bbox 1972 1347 2207 1415; x_wconf 68' lang='grc' dir='ltr'>ἅπαντα</span> <span class='ocrx_word' id='word_1_80' title='bbox 2246 1356 2437 1415; x_wconf 74' lang='grc' dir='ltr'><strong><em>ταῦτα</em></strong></span> <span class='ocrx_word' id='word_1_81' title='bbox 2462 1347 2648 1432; x_wconf 63' lang='lat' dir='ltr'>pinon</span> <span class='ocrx_word' id='word_1_82' title='bbox 2676 1353 2757 1415; x_wconf 73' lang='grc' dir='ltr'>τὰ</span> 
     </span>
     <span class='ocr_line' id='line_1_11' title="bbox 556 1449 2759 1540; baseline -0.001 -21"><span class='ocrx_word' id='word_1_83' title='bbox 556 1451 730 1530; x_wconf 68' lang='grc' dir='ltr'><strong><em>οὕτως</em></strong></span> <span class='ocrx_word' id='word_1_84' title='bbox 753 1450 980 1537; x_wconf 72' lang='grc' dir='ltr'><strong><em>ἄσεμνα</em></strong></span> <span class='ocrx_word' id='word_1_85' title='bbox 1005 1456 1098 1519; x_wconf 71' lang='grc' dir='ltr'>διὰ</span> <span class='ocrx_word' id='word_1_86' title='bbox 1123 1453 1262 1538; x_wconf 69' lang='grc' dir='ltr'>μίαν</span> <span class='ocrx_word' id='word_1_87' title='bbox 1289 1452 1556 1538; x_wconf 56' lang='lat' dir='ltr'>‘foederat</span> <span class='ocrx_word' id='word_1_88' title='bbox 1581 1456 1699 1528; x_wconf 80' lang='grc' dir='ltr'>τοῖς</span> <span class='ocrx_word' id='word_1_89' title='bbox 1729 1449 1925 1539; x_wconf 69' lang='grc' dir='ltr'><strong>λύγοις</strong></span> <span class='ocrx_word' id='word_1_90' title='bbox 1968 1449 2181 1532; x_wconf 73' lang='grc' dir='ltr'>αἰτίαν,</span> <span class='ocrx_word' id='word_1_91' title='bbox 2224 1453 2317 1516; x_wconf 72' lang='grc' dir='ltr'>διὰ</span> <span class='ocrx_word' id='word_1_92' title='bbox 2361 1451 2427 1517; x_wconf 73' lang='grc' dir='ltr'>τὸ</span> <span class='ocrx_word' id='word_1_93' title='bbox 2474 1451 2599 1540; x_wconf 68' lang='grc' dir='ltr'>περὶ</span> <span class='ocrx_word' id='word_1_94' title='bbox 2648 1457 2759 1528; x_wconf 74' lang='grc' dir='ltr'>τὰς</span> 
     </span>
    </p>
   </div>
   <div class='ocr_carea' id='block_1_5' title="bbox 399 1553 2759 1646">
    <p class='ocr_par' dir='ltr' id='par_1_7' title="bbox 399 1553 2759 1646">
     <span class='ocr_line' id='line_1_12' title="bbox 399 1553 2759 1646; baseline -0.001 -24"><span class='ocrx_word' id='word_1_95' title='bbox 399 1594 414 1608; x_wconf 88' lang='grc'><em>·</em></span> <span class='ocrx_word' id='word_1_96' title='bbox 557 1557 763 1637; x_wconf 60' lang='lat' dir='ltr'>raficas</span> <span class='ocrx_word' id='word_1_97' title='bbox 793 1555 1207 1637; x_wconf 57' lang='grc' dir='ltr'>κενόσπουδον,</span> <span class='ocrx_word' id='word_1_98' title='bbox 1233 1556 1357 1643; x_wconf 65' lang='grc' dir='ltr'>περὶ</span> <span class='ocrx_word' id='word_1_99' title='bbox 1407 1553 1440 1620; x_wconf 68' lang='grc' dir='ltr'>ὃ</span> <span class='ocrx_word' id='word_1_100' title='bbox 1483 1558 1546 1636; x_wconf 72' lang='grc' dir='ltr'>δὴ</span> <span class='ocrx_word' id='word_1_101' title='bbox 1591 1554 1866 1640; x_wconf 72' lang='grc' dir='ltr'><strong>μάλιστα</strong></span> <span class='ocrx_word' id='word_1_102' title='bbox 1893 1557 2334 1646; x_wconf 74' lang='grc' dir='ltr'><strong>κοςυβαντιῶσιν</strong></span> <span class='ocrx_word' id='word_1_103' title='bbox 2364 1559 2413 1620; x_wconf 68' lang='grc' dir='ltr'>οἳ</span> <span class='ocrx_word' id='word_1_104' title='bbox 2440 1561 2549 1620; x_wconf 73' lang='grc' dir='ltr'>νῦν·</span> <span class='ocrx_word' id='word_1_105' title='bbox 2598 1553 2759 1620; x_wconf 77' lang='lat' dir='ltr'>Haec</span> 
     </span>
    </p>
   </div>
   <div class='ocr_carea' id='block_1_6' title="bbox 555 1655 2760 1954">
    <p class='ocr_par' dir='ltr' id='par_1_8' title="bbox 555 1655 2760 1954">
     <span class='ocr_line' id='line_1_13' title="bbox 556 1655 2760 1746; baseline -0 -23"><span class='ocrx_word' id='word_1_106' title='bbox 556 1659 762 1725; x_wconf 82' lang='lat' dir='ltr'>omnia</span> <span class='ocrx_word' id='word_1_107' title='bbox 780 1657 1080 1746; x_wconf 77' lang='lat' dir='ltr'>dignitati</span> <span class='ocrx_word' id='word_1_108' title='bbox 1093 1669 1156 1724; x_wconf 81' lang='lat' dir='ltr'>et</span> <span class='ocrx_word' id='word_1_109' title='bbox 1171 1659 1480 1746; x_wconf 81' lang='lat' dir='ltr'>gravitati</span> <span class='ocrx_word' id='word_1_110' title='bbox 1499 1657 1819 1725; x_wconf 79' lang='lat' dir='ltr'>contraria</span> <span class='ocrx_word' id='word_1_111' title='bbox 1832 1679 2025 1722; x_wconf 71' lang='lat' dir='ltr'>unum</span> <span class='ocrx_word' id='word_1_112' title='bbox 2042 1655 2121 1722; x_wconf 79' lang='lat' dir='ltr'>ob</span> <span class='ocrx_word' id='word_1_113' title='bbox 2136 1679 2387 1722; x_wconf 76' lang='lat' dir='ltr'>causam</span> <span class='ocrx_word' id='word_1_114' title='bbox 2400 1656 2760 1722; x_wconf 73' lang='lat' dir='ltr'>inseruntur·</span> 
     </span>
     <span class='ocr_line' id='line_1_14' title="bbox 555 1757 2760 1844; baseline 0.001 -20"><span class='ocrx_word' id='word_1_115' title='bbox 555 1759 956 1836; x_wconf 71' lang='lat' dir='ltr'>orationibus,</span> <span class='ocrx_word' id='word_1_116' title='bbox 985 1780 1196 1844; x_wconf 85' lang='lat' dir='ltr'>nempe</span> <span class='ocrx_word' id='word_1_117' title='bbox 1215 1758 1293 1824; x_wconf 82' lang='lat' dir='ltr'>ob</span> <span class='ocrx_word' id='word_1_118' title='bbox 1322 1759 1614 1824; x_wconf 76' lang='lat' dir='ltr'>novitatis</span> <span class='ocrx_word' id='word_1_119' title='bbox 1642 1760 1711 1824; x_wconf 89' lang='lat' dir='ltr'>in</span> <span class='ocrx_word' id='word_1_120' title='bbox 1740 1757 2147 1842; x_wconf 64' lang='lat' dir='ltr'>exprimendis</span> <span class='ocrx_word' id='word_1_121' title='bbox 2174 1757 2488 1823; x_wconf 73' lang='lat' dir='ltr'>sententiis</span> <span class='ocrx_word' id='word_1_122' title='bbox 2528 1769 2589 1824; x_wconf 79' lang='lat' dir='ltr'>et</span> <span class='ocrx_word' id='word_1_123' title='bbox 2616 1779 2760 1826; x_wconf 80' lang='lat' dir='ltr'>con·</span> 
     </span>
     <span class='ocr_line' id='line_1_15' title="bbox 556 1858 2758 1954; baseline 0.002 -30"><span class='ocrx_word' id='word_1_124' title='bbox 556 1860 826 1954; x_wconf 59' lang='lat' dir='ltr'>neptibus</span> <span class='ocrx_word' id='word_1_125' title='bbox 846 1860 1142 1940; x_wconf 73' lang='lat' dir='ltr'>studium,</span> <span class='ocrx_word' id='word_1_126' title='bbox 1159 1861 1320 1925; x_wconf 80' lang='lat' dir='ltr'>circa</span> <span class='ocrx_word' id='word_1_127' title='bbox 1344 1861 1513 1948; x_wconf 81' lang='lat' dir='ltr'>quod</span> <span class='ocrx_word' id='word_1_128' title='bbox 1529 1860 1793 1926; x_wconf 67' lang='lat' dir='ltr'>maxime</span> <span class='ocrx_word' id='word_1_129' title='bbox 1808 1858 1920 1924; x_wconf 77' lang='grc' dir='ltr'><strong>Ιιοο</strong></span> <span class='ocrx_word' id='word_1_130' title='bbox 1938 1880 2063 1924; x_wconf 81' lang='lat' dir='ltr'>aevo</span> <span class='ocrx_word' id='word_1_131' title='bbox 2084 1859 2398 1945; x_wconf 62' lang='lat' dir='ltr'>scriptores</span> <span class='ocrx_word' id='word_1_132' title='bbox 2416 1861 2758 1929; x_wconf 75' lang='lat' dir='ltr'>insaniunt.</span> 
     </span>
    </p>
   </div>
   <div class='ocr_carea' id='block_1_7' title="bbox 419 1959 2759 2047">
    <p class='ocr_par' dir='ltr' id='par_1_9' title="bbox 419 1959 2759 2047">
     <span class='ocr_line' id='line_1_16' title="bbox 419 1959 2759 2047; baseline 0.002 -21"><span class='ocrx_word' id='word_1_133' title='bbox 419 2021 423 2026; x_wconf 83' lang='grc'>,</span> <span class='ocrx_word' id='word_1_134' title='bbox 558 1961 770 2030; x_wconf 85' lang='lat' dir='ltr'>Addit</span> <span class='ocrx_word' id='word_1_135' title='bbox 796 1962 1042 2028; x_wconf 91' lang='lat' dir='ltr'>deinde</span> <span class='ocrx_word' id='word_1_136' title='bbox 1070 1981 1222 2047; x_wconf 80' lang='lat' dir='ltr'>quse</span> <span class='ocrx_word' id='word_1_137' title='bbox 1248 1981 1358 2028; x_wconf 87' lang='lat' dir='ltr'>res</span> <span class='ocrx_word' id='word_1_138' title='bbox 1383 1965 1706 2030; x_wconf 85' lang='lat' dir='ltr'>bonorum</span> <span class='ocrx_word' id='word_1_139' title='bbox 1732 1981 1949 2028; x_wconf 83' lang='lat' dir='ltr'>causa</span> <span class='ocrx_word' id='word_1_140' title='bbox 1976 1963 2090 2042; x_wconf 84' lang='lat' dir='ltr'>sit,</span> <span class='ocrx_word' id='word_1_141' title='bbox 2142 1963 2230 2027; x_wconf 89' lang='lat' dir='ltr'>ab</span> <span class='ocrx_word' id='word_1_142' title='bbox 2276 1959 2512 2029; x_wconf 85' lang='lat' dir='ltr'>eadem</span> <span class='ocrx_word' id='word_1_143' title='bbox 2555 1964 2759 2030; x_wconf 72' lang='lat' dir='ltr'>etiam</span> 
     </span>
    </p>
   </div>
   <div class='ocr_carea' id='block_1_8' title="bbox 555 2061 2765 4265">
    <p class='ocr_par' dir='ltr' id='par_1_10' title="bbox 555 2061 2765 3155">
     <span class='ocr_line' id='line_1_17' title="bbox 555 2061 2761 2149; baseline 0.001 -21"><span class='ocrx_word' id='word_1_144' title='bbox 555 2064 662 2128; x_wconf 89' lang='lat' dir='ltr'>his</span> <span class='ocrx_word' id='word_1_145' title='bbox 719 2065 1002 2130; x_wconf 81' lang='lat' dir='ltr'>adversa</span> <span class='ocrx_word' id='word_1_146' title='bbox 1050 2061 1417 2149; x_wconf 84' lang='lat' dir='ltr'>proficisci.</span> <span class='ocrx_word' id='word_1_147' title='bbox 1533 2064 1604 2132; x_wconf 89' lang='lat' dir='ltr'>N</span> <span class='ocrx_word' id='word_1_148' title='bbox 1605 2085 1716 2130; x_wconf 85' lang='lat' dir='ltr'>am</span> <span class='ocrx_word' id='word_1_149' title='bbox 1771 2063 2206 2149; x_wconf 77' lang='lat' dir='ltr'>cupiditatem</span> <span class='ocrx_word' id='word_1_150' title='bbox 2260 2082 2445 2130; x_wconf 79' lang='lat' dir='ltr'>nova</span> <span class='ocrx_word' id='word_1_151' title='bbox 2498 2062 2761 2131; x_wconf 83' lang='lat' dir='ltr'>dicendi</span> 
     </span>
     <span class='ocr_line' id='line_1_18' title="bbox 555 2163 2759 2250; baseline 0 -20"><span class='ocrx_word' id='word_1_152' title='bbox 555 2164 849 2232; x_wconf 86' lang='lat' dir='ltr'>maxime</span> <span class='ocrx_word' id='word_1_153' title='bbox 873 2165 1142 2248; x_wconf 84' lang='lat' dir='ltr'>ingenia</span> <span class='ocrx_word' id='word_1_154' title='bbox 1166 2167 1493 2249; x_wconf 80' lang='lat' dir='ltr'>praeclara</span> <span class='ocrx_word' id='word_1_155' title='bbox 1541 2165 1955 2231; x_wconf 85' lang='lat' dir='ltr'>inflammare</span> <span class='ocrx_word' id='word_1_156' title='bbox 2000 2165 2091 2229; x_wconf 88' lang='lat' dir='ltr'>ad</span> <span class='ocrx_word' id='word_1_157' title='bbox 2134 2165 2454 2230; x_wconf 81' lang='lat' dir='ltr'>eximium</span> <span class='ocrx_word' id='word_1_158' title='bbox 2500 2163 2759 2250; x_wconf 81' lang='lat' dir='ltr'>aliquid</span> 
     </span>
     <span class='ocr_line' id='line_1_19' title="bbox 555 2263 2762 2352; baseline 0 -20"><span class='ocrx_word' id='word_1_159' title='bbox 555 2273 624 2332; x_wconf 89' lang='lat' dir='ltr'>et</span> <span class='ocrx_word' id='word_1_160' title='bbox 649 2266 832 2351; x_wconf 89' lang='lat' dir='ltr'>quod</span> <span class='ocrx_word' id='word_1_161' title='bbox 860 2285 1067 2351; x_wconf 85' lang='lat' dir='ltr'>supra</span> <span class='ocrx_word' id='word_1_162' title='bbox 1092 2263 1275 2350; x_wconf 76' lang='lat' dir='ltr'>vulgi</span> <span class='ocrx_word' id='word_1_163' title='bbox 1303 2273 1572 2352; x_wconf 83' lang='lat' dir='ltr'>captum</span> <span class='ocrx_word' id='word_1_164' title='bbox 1597 2267 1713 2346; x_wconf 89' lang='lat' dir='ltr'>sit,</span> <span class='ocrx_word' id='word_1_165' title='bbox 1754 2265 2057 2350; x_wconf 82' lang='lat' dir='ltr'>nihilque</span> <span class='ocrx_word' id='word_1_166' title='bbox 2106 2267 2455 2350; x_wconf 88' lang='lat' dir='ltr'>plebeium</span> <span class='ocrx_word' id='word_1_167' title='bbox 2498 2283 2644 2350; x_wconf 77' lang='lat' dir='ltr'>prae</span> <span class='ocrx_word' id='word_1_168' title='bbox 2688 2285 2762 2332; x_wconf 85' lang='lat' dir='ltr'>se</span> 
     </span>
     <span class='ocr_line' id='line_1_20' title="bbox 555 2366 2762 2451; baseline 0 -19"><span class='ocrx_word' id='word_1_169' title='bbox 555 2368 746 2445; x_wconf 80' lang='lat' dir='ltr'>ferat,</span> <span class='ocrx_word' id='word_1_170' title='bbox 773 2366 1223 2432; x_wconf 76' lang='lat' dir='ltr'>moliendum:</span> <span class='ocrx_word' id='word_1_171' title='bbox 1269 2367 1394 2430; x_wconf 87' lang='lat' dir='ltr'>sed</span> <span class='ocrx_word' id='word_1_172' title='bbox 1421 2367 1540 2450; x_wconf 87' lang='lat' dir='ltr'>qui</span> <span class='ocrx_word' id='word_1_173' title='bbox 1558 2367 1821 2451; x_wconf 83' lang='lat' dir='ltr'>judicio</span> <span class='ocrx_word' id='word_1_174' title='bbox 1846 2384 1979 2429; x_wconf 87' lang='lat' dir='ltr'>nou</span> <span class='ocrx_word' id='word_1_175' title='bbox 2004 2367 2297 2445; x_wconf 78' lang='lat' dir='ltr'>valeant,</span> <span class='ocrx_word' id='word_1_176' title='bbox 2320 2385 2449 2432; x_wconf 88' lang='lat' dir='ltr'>uec</span> <span class='ocrx_word' id='word_1_177' title='bbox 2474 2386 2551 2431; x_wconf 88' lang='lat' dir='ltr'>se</span> <span class='ocrx_word' id='word_1_178' title='bbox 2578 2385 2762 2434; x_wconf 87' lang='lat' dir='ltr'>com-</span> 
     </span>
     <span class='ocr_line' id='line_1_21' title="bbox 557 2461 2762 2551; baseline 0 -19"><span class='ocrx_word' id='word_1_179' title='bbox 557 2473 818 2551; x_wconf 85' lang='lat' dir='ltr'>ponant</span> <span class='ocrx_word' id='word_1_180' title='bbox 841 2466 930 2532; x_wconf 80' lang='lat' dir='ltr'>ad</span> <span class='ocrx_word' id='word_1_181' title='bbox 957 2467 1356 2549; x_wconf 85' lang='lat' dir='ltr'>optimorum</span> <span class='ocrx_word' id='word_1_182' title='bbox 1383 2465 1849 2543; x_wconf 79' lang='lat' dir='ltr'>imitationem,</span> <span class='ocrx_word' id='word_1_183' title='bbox 1878 2461 2081 2530; x_wconf 85' lang='lat' dir='ltr'>facile</span> <span class='ocrx_word' id='word_1_184' title='bbox 2108 2466 2181 2530; x_wconf 88' lang='lat' dir='ltr'>in</span> <span class='ocrx_word' id='word_1_185' title='bbox 2208 2466 2357 2532; x_wconf 77' lang='lat' dir='ltr'>hoec</span> <span class='ocrx_word' id='word_1_186' title='bbox 2390 2467 2557 2532; x_wconf 76' lang='lat' dir='ltr'>vitia</span> <span class='ocrx_word' id='word_1_187' title='bbox 2596 2469 2762 2534; x_wconf 89' lang='lat' dir='ltr'>iuci-</span> 
     </span>
     <span class='ocr_line' id='line_1_22' title="bbox 559 2564 2762 2651; baseline 0.001 -19"><span class='ocrx_word' id='word_1_188' title='bbox 559 2567 741 2645; x_wconf 87' lang='lat' dir='ltr'>dere‚</span> <span class='ocrx_word' id='word_1_189' title='bbox 767 2568 836 2632; x_wconf 92' lang='lat' dir='ltr'>in</span> <span class='ocrx_word' id='word_1_190' title='bbox 865 2566 1108 2650; x_wconf 88' lang='lat' dir='ltr'>quibus</span> <span class='ocrx_word' id='word_1_191' title='bbox 1137 2566 1271 2631; x_wconf 84' lang='lat' dir='ltr'>sibi</span> <span class='ocrx_word' id='word_1_192' title='bbox 1301 2564 1576 2630; x_wconf 80' lang='lat' dir='ltr'>delicias</span> <span class='ocrx_word' id='word_1_193' title='bbox 1603 2564 1876 2643; x_wconf 81' lang='lat' dir='ltr'>faciant,</span> <span class='ocrx_word' id='word_1_194' title='bbox 1904 2583 2195 2649; x_wconf 63' lang='lat' dir='ltr'>quaeque</span> <span class='ocrx_word' id='word_1_195' title='bbox 2238 2566 2465 2651; x_wconf 83' lang='lat' dir='ltr'>specie</span> <span class='ocrx_word' id='word_1_196' title='bbox 2516 2569 2762 2650; x_wconf 85' lang='lat' dir='ltr'>ingenii</span> 
     </span>
     <span class='ocr_line' id='line_1_23' title="bbox 560 2665 2765 2746; baseline 0.001 -14"><span class='ocrx_word' id='word_1_197' title='bbox 560 2674 630 2734; x_wconf 84' lang='lat' dir='ltr'>et</span> <span class='ocrx_word' id='word_1_198' title='bbox 656 2668 970 2733; x_wconf 80' lang='lat' dir='ltr'>novitatis</span> <span class='ocrx_word' id='word_1_199' title='bbox 1015 2667 1462 2731; x_wconf 78' lang='lat' dir='ltr'>blandiantur.</span> <span class='ocrx_word' id='word_1_200' title='bbox 1549 2665 1721 2732; x_wconf 89' lang='lat' dir='ltr'>Ideo</span> <span class='ocrx_word' id='word_1_201' title='bbox 1753 2665 2101 2746; x_wconf 59' lang='lat' dir='ltr'>nuncnune«</span> <span class='ocrx_word' id='word_1_202' title='bbox 2128 2669 2440 2733; x_wconf 81' lang='lat' dir='ltr'>vitiorum</span> <span class='ocrx_word' id='word_1_203' title='bbox 2468 2670 2765 2734; x_wconf 85' lang='lat' dir='ltr'>omniurn</span> 
     </span>
     <span class='ocr_line' id='line_1_24' title="bbox 558 2767 2762 2852; baseline -0.001 -16"><span class='ocrx_word' id='word_1_204' title='bbox 558 2767 926 2836; x_wconf 83' lang='lat' dir='ltr'>maximum</span> <span class='ocrx_word' id='word_1_205' title='bbox 975 2767 1049 2830; x_wconf 90' lang='lat' dir='ltr'>in</span> <span class='ocrx_word' id='word_1_206' title='bbox 1095 2776 1358 2831; x_wconf 86' lang='lat' dir='ltr'>oratore</span> <span class='ocrx_word' id='word_1_207' title='bbox 1409 2785 1564 2832; x_wconf 82' lang='lat' dir='ltr'>esse</span> <span class='ocrx_word' id='word_1_208' title='bbox 1604 2773 1789 2831; x_wconf 73' lang='lat' dir='ltr'>recte</span> <span class='ocrx_word' id='word_1_209' title='bbox 1815 2771 2125 2851; x_wconf 73' lang='lat' dir='ltr'>praecipit</span> <span class='ocrx_word' id='word_1_210' title='bbox 2152 2769 2449 2852; x_wconf 84' lang='lat' dir='ltr'>optimus</span> <span class='ocrx_word' id='word_1_211' title='bbox 2491 2769 2762 2834; x_wconf 86' lang='lat' dir='ltr'>dicendi</span> 
     </span>
     <span class='ocr_line' id='line_1_25' title="bbox 559 2865 2763 2954; baseline -0.001 -19"><span class='ocrx_word' id='word_1_212' title='bbox 559 2869 878 2954; x_wconf 78' lang='lat' dir='ltr'>magister</span> <span class='ocrx_word' id='word_1_213' title='bbox 907 2865 1366 2946; x_wconf 79' lang='lat' dir='ltr'>Quintilianus</span> <span class='ocrx_word' id='word_1_214' title='bbox 1408 2879 1574 2930; x_wconf 84' lang='lat' dir='ltr'>vm.</span> <span class='ocrx_word' id='word_1_215' title='bbox 1603 2866 1673 2931; x_wconf 77' lang='lat'>8.</span> <span class='ocrx_word' id='word_1_216' title='bbox 1719 2869 1742 2900; x_wconf 88' lang='lat'>‘</span> <span class='ocrx_word' id='word_1_217' title='bbox 1774 2865 2107 2947; x_wconf 73' lang='grc' dir='ltr'>Κακὸζηλον</span> <span class='ocrx_word' id='word_1_218' title='bbox 2135 2873 2413 2933; x_wconf 80' lang='lat' dir='ltr'>vocatur</span> <span class='ocrx_word' id='word_1_219' title='bbox 2440 2869 2763 2953; x_wconf 89' lang='lat' dir='ltr'>quicquid</span> 
     </span>
     <span class='ocr_line' id='line_1_26' title="bbox 561 2966 2763 3054; baseline 0 -19"><span class='ocrx_word' id='word_1_220' title='bbox 561 2977 666 3036; x_wconf 85' lang='lat' dir='ltr'>est</span> <span class='ocrx_word' id='word_1_221' title='bbox 691 2971 866 3035; x_wconf 88' lang='lat' dir='ltr'>ultra</span> <span class='ocrx_word' id='word_1_222' title='bbox 887 2969 1234 3051; x_wconf 80' lang='lat' dir='ltr'>virtutem3</span> <span class='ocrx_word' id='word_1_223' title='bbox 1276 2967 1538 3052; x_wconf 81' lang='lat' dir='ltr'>quoties</span> <span class='ocrx_word' id='word_1_224' title='bbox 1563 2966 1907 3050; x_wconf 83' lang='lat' dir='ltr'>ingenium</span> <span class='ocrx_word' id='word_1_225' title='bbox 1923 2966 2185 3053; x_wconf 87' lang='lat' dir='ltr'>judicio</span> <span class='ocrx_word' id='word_1_226' title='bbox 2208 2974 2412 3047; x_wconf 88' lang='lat' dir='ltr'>caret,</span> <span class='ocrx_word' id='word_1_227' title='bbox 2436 2975 2505 3034; x_wconf 90' lang='lat' dir='ltr'>et</span> <span class='ocrx_word' id='word_1_228' title='bbox 2532 2969 2763 3054; x_wconf 87' lang='lat' dir='ltr'>specie</span> 
     </span>
     <span class='ocr_line' id='line_1_27' title="bbox 561 3068 2758 3155; baseline 0.001 -19"><span class='ocrx_word' id='word_1_229' title='bbox 561 3071 721 3136; x_wconf 89' lang='lat' dir='ltr'>boni</span> <span class='ocrx_word' id='word_1_230' title='bbox 760 3068 1046 3136; x_wconf 84' lang='lat' dir='ltr'>fallitur.</span> <span class='ocrx_word' id='word_1_231' title='bbox 1121 3069 1416 3135; x_wconf 84' lang='lat' dir='ltr'>omniurn</span> <span class='ocrx_word' id='word_1_232' title='bbox 1465 3070 1538 3134; x_wconf 84' lang='lat' dir='ltr'>in</span> <span class='ocrx_word' id='word_1_233' title='bbox 1585 3069 1969 3154; x_wconf 79' lang='lat' dir='ltr'>eloquentia</span> <span class='ocrx_word' id='word_1_234' title='bbox 2008 3068 2324 3136; x_wconf 81' lang='lat' dir='ltr'>vitiorum</span> <span class='ocrx_word' id='word_1_235' title='bbox 2366 3071 2758 3155; x_wconf 86' lang='lat' dir='ltr'>pessimum.</span> 
     </span>
    </p>

    <p class='ocr_par' dir='ltr' id='par_1_11' title="bbox 565 3169 1991 3255">
     <span class='ocr_line' id='line_1_28' title="bbox 565 3169 1991 3255; baseline 0 -19"><span class='ocrx_word' id='word_1_236' title='bbox 565 3170 750 3238; x_wconf 88' lang='lat' dir='ltr'>Nam</span> <span class='ocrx_word' id='word_1_237' title='bbox 777 3177 1006 3237; x_wconf 80' lang='lat' dir='ltr'>cetera</span> <span class='ocrx_word' id='word_1_238' title='bbox 1029 3189 1183 3236; x_wconf 89' lang='lat' dir='ltr'>cum</span> <span class='ocrx_word' id='word_1_239' title='bbox 1211 3170 1514 3249; x_wconf 73' lang='lat' dir='ltr'>vitentur,</span> <span class='ocrx_word' id='word_1_240' title='bbox 1539 3169 1671 3236; x_wconf 88' lang='lat' dir='ltr'>hoe</span> <span class='ocrx_word' id='word_1_241' title='bbox 1696 3171 1991 3255; x_wconf 62' lang='lat' dir='ltr'>petitur?</span> 
     </span>
    </p>

    <p class='ocr_par' dir='ltr' id='par_1_12' title="bbox 565 3269 2765 4265">
     <span class='ocr_line' id='line_1_29' title="bbox 650 3269 2760 3359; baseline 0.001 -23"><span class='ocrx_word' id='word_1_242' title='bbox 650 3269 839 3338; x_wconf 82' lang='lat' dir='ltr'>Viris</span> <span class='ocrx_word' id='word_1_243' title='bbox 867 3272 1134 3356; x_wconf 89' lang='lat' dir='ltr'>quidem</span> <span class='ocrx_word' id='word_1_244' title='bbox 1157 3272 1422 3354; x_wconf 81' lang='lat' dir='ltr'>magnis</span> <span class='ocrx_word' id='word_1_245' title='bbox 1450 3272 1779 3337; x_wconf 84' lang='lat' dir='ltr'>interdum</span> <span class='ocrx_word' id='word_1_246' title='bbox 1807 3273 2118 3356; x_wconf 70' lang='lat' dir='ltr'>quaedam</span> <span class='ocrx_word' id='word_1_247' title='bbox 2140 3273 2558 3355; x_wconf 85' lang='lat' dir='ltr'>exciderunt,</span> <span class='ocrx_word' id='word_1_248' title='bbox 2576 3291 2760 3359; x_wconf 72' lang='lat' dir='ltr'>qum,</span> 
     </span>
     <span class='ocr_line' id='line_1_30' title="bbox 567 3373 2765 3459; baseline 0 -20"><span class='ocrx_word' id='word_1_249' title='bbox 567 3375 626 3439; x_wconf 84' lang='lat' dir='ltr'>si</span> <span class='ocrx_word' id='word_1_250' title='bbox 655 3373 744 3440; x_wconf 87' lang='lat' dir='ltr'>ad</span> <span class='ocrx_word' id='word_1_251' title='bbox 775 3392 1072 3440; x_wconf 84' lang='lat' dir='ltr'>severam</span> <span class='ocrx_word' id='word_1_252' title='bbox 1097 3374 1306 3457; x_wconf 81' lang='lat' dir='ltr'>legem</span> <span class='ocrx_word' id='word_1_253' title='bbox 1331 3373 1707 3456; x_wconf 82' lang='lat' dir='ltr'>exigantur,</span> <span class='ocrx_word' id='word_1_254' title='bbox 1736 3375 2009 3459; x_wconf 88' lang='lat' dir='ltr'>culpam</span> <span class='ocrx_word' id='word_1_255' title='bbox 2054 3382 2123 3440; x_wconf 87' lang='lat' dir='ltr'>et</span> <span class='ocrx_word' id='word_1_256' title='bbox 2166 3381 2391 3440; x_wconf 85' lang='lat' dir='ltr'>notam</span> <span class='ocrx_word' id='word_1_257' title='bbox 2416 3376 2765 3441; x_wconf 76' lang='lat' dir='ltr'>lascivien-</span> 
     </span>
     <span class='ocr_line' id='line_1_31' title="bbox 565 3475 2763 3560; baseline 0.001 -20"><span class='ocrx_word' id='word_1_258' title='bbox 565 3475 654 3542; x_wconf 88' lang='lat' dir='ltr'>tis</span> <span class='ocrx_word' id='word_1_259' title='bbox 701 3475 946 3558; x_wconf 82' lang='lat' dir='ltr'>ingenii</span> <span class='ocrx_word' id='word_1_260' title='bbox 995 3475 1276 3558; x_wconf 84' lang='lat' dir='ltr'>effugere</span> <span class='ocrx_word' id='word_1_261' title='bbox 1321 3493 1453 3540; x_wconf 88' lang='lat' dir='ltr'>nou</span> <span class='ocrx_word' id='word_1_262' title='bbox 1496 3480 1805 3559; x_wconf 85' lang='lat' dir='ltr'>possunt.</span> <span class='ocrx_word' id='word_1_263' title='bbox 1913 3475 2074 3542; x_wconf 89' lang='lat' dir='ltr'>Non</span> <span class='ocrx_word' id='word_1_264' title='bbox 2102 3477 2407 3560; x_wconf 85' lang='lat' dir='ltr'>ignorant</span> <span class='ocrx_word' id='word_1_265' title='bbox 2430 3475 2763 3542; x_wconf 78' lang='lat' dir='ltr'>doctiores</span> 
     </span>
     <span class='ocr_line' id='line_1_32' title="bbox 567 3574 2761 3662; baseline 0 -21"><span class='ocrx_word' id='word_1_266' title='bbox 567 3576 730 3660; x_wconf 89' lang='lat' dir='ltr'>quid</span> <span class='ocrx_word' id='word_1_267' title='bbox 761 3576 1130 3660; x_wconf 83' lang='lat' dir='ltr'>Dionysius</span> <span class='ocrx_word' id='word_1_268' title='bbox 1160 3574 1731 3640; x_wconf 78' lang='lat' dir='ltr'>Halicarnasseus</span> <span class='ocrx_word' id='word_1_269' title='bbox 1774 3577 1845 3640; x_wconf 90' lang='lat' dir='ltr'>in</span> <span class='ocrx_word' id='word_1_270' title='bbox 1886 3575 2306 3662; x_wconf 84' lang='lat' dir='ltr'>Thucydide,</span> <span class='ocrx_word' id='word_1_271' title='bbox 2354 3577 2423 3641; x_wconf 90' lang='lat' dir='ltr'>in</span> <span class='ocrx_word' id='word_1_272' title='bbox 2451 3578 2761 3656; x_wconf 86' lang='lat' dir='ltr'>Platone,</span> 
     </span>
     <span class='ocr_line' id='line_1_33' title="bbox 567 3675 2764 3762; baseline 0.001 -21"><span class='ocrx_word' id='word_1_273' title='bbox 567 3677 642 3741; x_wconf 89' lang='lat' dir='ltr'>in</span> <span class='ocrx_word' id='word_1_274' title='bbox 665 3677 818 3762; x_wconf 88' lang='lat' dir='ltr'>ipso</span> <span class='ocrx_word' id='word_1_275' title='bbox 848 3675 1313 3754; x_wconf 84' lang='lat' dir='ltr'>Demosthene,</span> <span class='ocrx_word' id='word_1_276' title='bbox 1359 3680 1436 3741; x_wconf 92' lang='lat' dir='ltr'>ut</span> <span class='ocrx_word' id='word_1_277' title='bbox 1485 3675 1661 3740; x_wconf 88' lang='lat' dir='ltr'>alios</span> <span class='ocrx_word' id='word_1_278' title='bbox 1688 3683 2120 3761; x_wconf 72' lang='lat' dir='ltr'>praeteream3</span> <span class='ocrx_word' id='word_1_279' title='bbox 2193 3679 2353 3761; x_wconf 91' lang='lat' dir='ltr'>quid</span> <span class='ocrx_word' id='word_1_280' title='bbox 2400 3677 2655 3744; x_wconf 84' lang='lat' dir='ltr'>Seneca</span> <span class='ocrx_word' id='word_1_281' title='bbox 2694 3685 2764 3744; x_wconf 86' lang='lat' dir='ltr'>et</span> 
     </span>
     <span class='ocr_line' id='line_1_34' title="bbox 570 3775 2764 3863; baseline 0 -19"><span class='ocrx_word' id='word_1_282' title='bbox 570 3777 692 3844; x_wconf 79' lang='lat' dir='ltr'>alii</span> <span class='ocrx_word' id='word_1_283' title='bbox 717 3776 901 3862; x_wconf 88' lang='lat' dir='ltr'>apud</span> <span class='ocrx_word' id='word_1_284' title='bbox 930 3777 1249 3842; x_wconf 87' lang='lat' dir='ltr'>Senecam</span> <span class='ocrx_word' id='word_1_285' title='bbox 1277 3777 1346 3841; x_wconf 88' lang='lat' dir='ltr'>in</span> <span class='ocrx_word' id='word_1_286' title='bbox 1373 3775 1659 3859; x_wconf 81' lang='lat' dir='ltr'>Ovidi03</span> <span class='ocrx_word' id='word_1_287' title='bbox 1705 3779 1869 3863; x_wconf 90' lang='lat' dir='ltr'>quid</span> <span class='ocrx_word' id='word_1_288' title='bbox 1903 3777 2364 3858; x_wconf 82' lang='lat' dir='ltr'>Quintilianus</span> <span class='ocrx_word' id='word_1_289' title='bbox 2407 3777 2764 3862; x_wconf 84' lang='lat' dir='ltr'>pluresque</span> 
     </span>
     <span class='ocr_line' id='line_1_35' title="bbox 571 3877 2763 3963; baseline 0.001 -20"><span class='ocrx_word' id='word_1_290' title='bbox 571 3879 642 3944; x_wconf 85' lang='lat' dir='ltr'>in</span> <span class='ocrx_word' id='word_1_291' title='bbox 668 3879 897 3944; x_wconf 82' lang='lat' dir='ltr'>Tullio</span> <span class='ocrx_word' id='word_1_292' title='bbox 927 3879 1214 3944; x_wconf 86' lang='lat' dir='ltr'>notarint</span> <span class='ocrx_word' id='word_1_293' title='bbox 1239 3883 1308 3943; x_wconf 86' lang='lat' dir='ltr'>et</span> <span class='ocrx_word' id='word_1_294' title='bbox 1336 3877 1934 3945; x_wconf 81' lang='lat' dir='ltr'>animadverterint.</span> <span class='ocrx_word' id='word_1_295' title='bbox 2041 3878 2175 3944; x_wconf 89' lang='lat' dir='ltr'>Sed</span> <span class='ocrx_word' id='word_1_296' title='bbox 2205 3879 2353 3945; x_wconf 75' lang='lat' dir='ltr'>heec</span> <span class='ocrx_word' id='word_1_297' title='bbox 2380 3879 2553 3963; x_wconf 86' lang='lat' dir='ltr'>ipsis</span> <span class='ocrx_word' id='word_1_298' title='bbox 2576 3881 2763 3945; x_wconf 85' lang='lat' dir='ltr'>exci-</span> 
     </span>
     <span class='ocr_line' id='line_1_36' title="bbox 573 3977 2762 4064; baseline 0 -22"><span class='ocrx_word' id='word_1_299' title='bbox 573 3977 826 4046; x_wconf 85' lang='lat' dir='ltr'>derunt.</span> <span class='ocrx_word' id='word_1_300' title='bbox 895 3979 1228 4044; x_wconf 85' lang='lat' dir='ltr'>Homines</span> <span class='ocrx_word' id='word_1_301' title='bbox 1255 3997 1406 4043; x_wconf 86' lang='lat' dir='ltr'>cum</span> <span class='ocrx_word' id='word_1_302' title='bbox 1439 3984 1685 4057; x_wconf 87' lang='lat' dir='ltr'>esseut,</span> <span class='ocrx_word' id='word_1_303' title='bbox 1718 3979 1991 4044; x_wconf 86' lang='lat' dir='ltr'>humani</span> <span class='ocrx_word' id='word_1_304' title='bbox 2019 3998 2481 4064; x_wconf 83' lang='lat' dir='ltr'>nonnunquam</span> <span class='ocrx_word' id='word_1_305' title='bbox 2506 3978 2762 4063; x_wconf 85' lang='lat' dir='ltr'>aliquid</span> 
     </span>
     <span class='ocr_line' id='line_1_37' title="bbox 573 4076 2763 4165; baseline 0.002 -23"><span class='ocrx_word' id='word_1_306' title='bbox 573 4080 762 4162; x_wconf 86' lang='lat' dir='ltr'>passi</span> <span class='ocrx_word' id='word_1_307' title='bbox 789 4087 963 4161; x_wconf 82' lang='lat' dir='ltr'>sunt,</span> <span class='ocrx_word' id='word_1_308' title='bbox 991 4079 1298 4165; x_wconf 80' lang='lat' dir='ltr'>quamvis</span> <span class='ocrx_word' id='word_1_309' title='bbox 1325 4076 1677 4153; x_wconf 74' lang='lat' dir='ltr'>divinitate</span> <span class='ocrx_word' id='word_1_310' title='bbox 1728 4081 1970 4164; x_wconf 83' lang='lat' dir='ltr'>ingenii</span> <span class='ocrx_word' id='word_1_311' title='bbox 2024 4087 2274 4146; x_wconf 83' lang='lat' dir='ltr'>ceteros</span> <span class='ocrx_word' id='word_1_312' title='bbox 2322 4099 2553 4146; x_wconf 82' lang='lat' dir='ltr'>omnes</span> <span class='ocrx_word' id='word_1_313' title='bbox 2582 4085 2763 4146; x_wconf 74' lang='lat' dir='ltr'>ante-</span> 
     </span>
     <span class='ocr_line' id='line_1_38' title="bbox 575 4177 2763 4265; baseline 0.002 -21"><span class='ocrx_word' id='word_1_314' title='bbox 575 4179 909 4247; x_wconf 86' lang='lat' dir='ltr'>cellerent.</span> <span class='ocrx_word' id='word_1_315' title='bbox 997 4181 1218 4248; x_wconf 88' lang='lat' dir='ltr'>Nemo</span> <span class='ocrx_word' id='word_1_316' title='bbox 1243 4186 1376 4247; x_wconf 85' lang='lat' dir='ltr'>tam</span> <span class='ocrx_word' id='word_1_317' title='bbox 1403 4180 1698 4265; x_wconf 83' lang='lat' dir='ltr'>propitia</span> <span class='ocrx_word' id='word_1_318' title='bbox 1750 4177 2057 4248; x_wconf 81' lang='lat' dir='ltr'>Minerva</span> <span class='ocrx_word' id='word_1_319' title='bbox 2102 4189 2299 4248; x_wconf 79' lang='lat' dir='ltr'>natus</span> <span class='ocrx_word' id='word_1_320' title='bbox 2324 4188 2451 4262; x_wconf 82' lang='lat' dir='ltr'>est,</span> <span class='ocrx_word' id='word_1_321' title='bbox 2480 4188 2555 4249; x_wconf 90' lang='lat' dir='ltr'>ut</span> <span class='ocrx_word' id='word_1_322' title='bbox 2594 4199 2763 4248; x_wconf 83' lang='lat' dir='ltr'>nun-</span> 
     </span>
    </p>
   </div>
   <div class='ocr_carea' id='block_1_9' title="bbox 3212 1097 3216 1598">
    <p class='ocr_par' dir='ltr' id='par_1_13' title="bbox 3212 1097 3216 1598">
     <span class='ocr_line' id='line_1_39' title="bbox 3212 1097 3216 1598; baseline 0 0"><span class='ocrx_word' id='word_1_323' title='bbox 3212 1097 3216 1598; x_wconf 95' lang='lat' dir='ltr'> </span> 
     </span>
    </p>
   </div>
  </div>
 </body>
</html>
