3234 4909
890 462 955 509 1..
1002 458 1260 511 Anum
1314 458 1535 508 enom
1588 458 1733 507 mn.
1786 460 1832 507 ι.
1881 460 2042 507 cn.
2089 442 2174 543 1..

420 618 683 669 senorum,
718 602 856 669 apud
905 602 1141 667 Josepli:
1163 608 1220 652 et
1258 600 1487 652 Plinium

419 690 472 746 5,
496 687 574 734 17.
638 680 759 731 Hoc
782 678 974 730 intuitu
1009 679 1172 728 multa
1212 676 1491 744 privilegia

417 757 757 810 matrimoniis
789 768 1093 807 concessere
1144 755 1491 819 legislatores,

418 850 535 901 qun
570 834 773 897 longius
816 832 1023 897 exequi,
1058 832 1223 881 nostri
1261 830 1489 881 instituti

418 910 603 962 modus
625 924 727 959 non
748 907 966 974 patitur.
1026 907 1290 957 Videatur
1310 908 1346 956 1.
1369 921 1408 957 ι.
1434 912 1490 957 et

418 986 491 1039 ibi
513 986 617 1038 Dd.
647 986 717 1037 D.
739 986 890 1036 solut.
914 990 1064 1035 matr.
1100 982 1191 1035 Fr.
1245 982 1359 1035 Liv.
1381 997 1420 1035 1.
1438 987 1490 1033 ⁹.

423 1064 441 1093 ‘
464 1061 697 1113 Penuria
730 1060 1002 1111 mulierum
1036 1060 1255 1111 hominis
1277 1066 1489 1111 aetatem

420 1138 671 1189 duratura
693 1135 994 1200 magnitudo
1018 1134 1171 1187 erat!

484 1214 639 1264 Manu
662 1218 802 1278 capta
818 1212 959 1275 sunt]
990 1210 1197 1279 objicit
1214 1209 1315 1259 hoc
1334 1210 1492 1260 etiam

419 1290 757 1357 Mithridates
782 1290 921 1357 apud
932 1288 1139 1340 Sallust.
1164 1286 1217 1337 in
1235 1284 1409 1353 Epist.
1424 1286 1491 1337 ad

422 1359 699 1420 Arsacem:
731 1364 1055 1417 ‘Romanos'
1092 1364 1218 1415 nihil
1251 1364 1269 1393 ‘
1288 1379 1321 1414 a
1352 1364 1493 1428 prin·

422 1446 561 1511 cipio
579 1444 673 1495 nisi
693 1450 901 1511 partum
919 1441 1129 1508 (armis)
1148 1438 1370 1491 habere:
1408 1438 1497 1489 do·

420 1536 581 1587 mum,
594 1522 856 1588 conjuges,
874 1534 1042 1585 agros,
1065 1518 1374 1583 imperium)
1406 1515 1495 1567 Sic

418 1600 662 1650 Silonicae
704 1596 931 1662 virgines
970 1596 1185 1646 choreas
1240 1594 1496 1644 ducentes

422 1682 589 1742 raptae
614 1679 755 1736 sunt,
773 1672 949 1726 Judic.
978 1674 1065 1736 21,
1087 1674 1169 1722 22.
1236 1670 1323 1722 Ne
1356 1668 1493 1721 idem

425 1753 676 1803 auderent
707 1750 849 1801 Picti
870 1750 922 1799 in
942 1750 1215 1800 Scotorum
1237 1746 1389 1812 filias,
1404 1747 1495 1797 ho-

426 1846 541 1881 rum
562 1829 845 1895 prudentia
870 1826 1054 1891 vetuit,
1073 1826 1158 1891 qul
1182 1822 1349 1876 Pictis
1370 1824 1498 1875 licet

425 1918 565 1957 novo
587 1905 783 1971 populo
804 1902 1131 1954 matrimonia
1159 1900 1372 1953 tandem
1391 1912 1493 1951 non

424 1982 764 2049 denegarunt.
829 1980 951 2033 Joh.
972 1980 1243 2044 Monipen.
1279 1978 1334 2029 in
1356 1994 1497 2030 com·

424 2058 618 2123 pendio
635 2056 877 2109 chronic.
900 2052 1047 2107 Scot.
1080 2054 1288 2123 Angliae
1306 2069 1497 2106 excuso

424 2138 573 2186 1⁶12.
608 2134 697 2186 st.
761 2136 779 2163 ‘
797 2132 1158 2184 Matrimonia’
1192 2144 1289 2195 pro
1322 2130 1496 2180 uxori-

425 2210 540 2274 bus,
559 2214 616 2260 et
650 2214 667 2240 ⁶
688 2206 929 2258 manum'
964 2220 1062 2272 pro
1102 2206 1152 2255 vi
1186 2206 1293 2256 dici
1315 2212 1496 2257 notum

426 2294 526 2338 est.
590 2285 679 2336 De
712 2284 804 2335 illo
836 2284 1056 2334 Casaub.
1092 2281 1157 2332 ad
1189 2282 1338 2333 Suet.
1360 2282 1497 2347 Aug.

426 2376 474 2413 c.
492 2374 582 2412 ιι..
604 2360 845 2413 Bernart.
864 2358 931 2410 ad
947 2361 1081 2410 Stat.
1102 2358 1263 2409 Theb.
1283 2372 1362 2411 vt.
1380 2364 1497 2411 ⁷59.

428 2445 486 2489 et
507 2438 685 2489 Graev.
708 2435 775 2485 ad
808 2434 1005 2488 Justin.
1040 2446 1151 2485 ιιι.
1172 2437 1222 2486 2.
1288 2434 1370 2485 De
1396 2432 1494 2485 hoc

428 2516 647 2580 Rupert.
671 2513 736 2563 ad
759 2512 1015 2577 Pompon.
1040 2511 1106 2561 de
1125 2510 1221 2561 Or.
1240 2510 1357 2563 Jur.
1376 2513 1424 2561 1.
1446 2514 1492 2579 ².-

428 2600 487 2645 et
520 2592 807 2644 Broekhus.
843 2590 909 2640 ad
944 2588 1195 2653 Propert.
1233 2602 1321 2638 ιιι.
1345 2592 1425 2638 16.
1447 2594 1495 2638 6.

425 2670 530 2721 Sed
554 2682 735 2719 vocem
752 2671 897 2731 eapte
917 2669 1214 2728 suspectam
1241 2662 1400 2713 fuisse
1422 2660 1493 2713 N.

426 2744 647 2797 Heinsio
669 2759 737 2795 ex
771 2758 834 2793 eo
868 2740 1124 2805 intellexi,
1163 2738 1300 2805 quod
1326 2752 1497 2789 exem·

428 2820 560 2886 plari
582 2834 673 2872 suo
702 2818 1056 2883 adscripscrat
1088 2828 1155 2867 ex
1195 2814 1353 2865 Ovid.
1378 2812 1495 2867 Art.

427 2912 468 2949 1.
492 2902 609 2948 26⁰.
643 2897 659 2925 ‘
683 2896 949 2959 Partaque
984 2906 1082 2958 per
1114 2885 1313 2957 gladios
1336 2904 1497 2955 regna

428 2979 651 3025 nocente
673 2986 825 3021 manu
846 2966 881 3019 ε’
916 2974 973 3019 et
1010 2984 1041 3019 e
1071 2966 1307 3018 Varrone
1329 2966 1385 3015 in
1405 2964 1495 3018 tin.

427 3046 523 3101 lib.
544 3064 619 3101 ιν.
652 3049 719 3099 de
754 3046 902 3111 Liug.
924 3044 1040 3097 Lat.
1072 3046 1089 3074 ⁸
1111 3043 1305 3094 Praeda
1326 3050 1407 3094 est
1430 3042 1498 3093 ab

426 3124 657 3176 hostibus
678 3130 853 3189 capta,
875 3121 1013 3189 quod
1038 3134 1191 3171 mauu
1214 3116 1401 3185 parta?
1444 3116 1499 3169 si

429 3202 556 3268 quid
609 3198 915 3253 mutandum
970 3198 1059 3259 sit,
1114 3196 1289 3247 malim
1339 3200 1497 3261 rapta.

429 3278 481 3331 N
486 3292 570 3327 am
591 3288 708 3343 quae
730 3274 999 3328 voluntate
1014 3272 1230 3323 aliorum
1252 3272 1501 3337 impetra·

426 3350 472 3402 ri
497 3365 599 3402 nou
634 3356 867 3414 possunt,
898 3348 1081 3399 melius
1115 3345 1359 3399 videntur
1391 3346 1499 3397 dici

426 3426 527 3478 illis
549 3426 726 3476 invitis
755 3424 882 3489 rapi,
913 3439 1067 3490 quam
1098 3424 1227 3489 cepi,
1250 3430 1340 3474 aut
1357 3424 1498 3487 pari,-

428 3508 487 3553 et
508 3500 704 3563 Livius,
738 3500 1031 3562 Sallustius,
1066 3496 1497 3564 Ovidius,Virgi·

426 3578 544 3641 lius,
566 3578 759 3644 aliique
799 3592 953 3643 quam
988 3576 1199 3642 plurimi
1232 3578 1286 3627 in
1321 3576 1417 3627 hac
1442 3590 1498 3627 rc

426 3652 687 3706 narranda
721 3657 941 3704 utuntur
974 3652 1137 3703 verbo
1172 3668 1356 3717 rupere,
1394 3668 1497 3703 non

425 3746 607 3797 capere.
671 3730 866 3783 sustin.
896 3743 1101 3783 xxvxn.
1121 3730 1172 3783 2.
1202 3732 1219 3760 ⁴
1239 3731 1346 3785 Qui
1378 3748 1495 3783 cum

428 3822 619 3861 uxores
638 3820 743 3857 non
764 3806 1077 3870 invenirent,
1108 3806 1159 3857 vi
1191 3806 1399 3873 publica
1420 3824 1499 3859 ra-

428 3883 676 3951 puerint-⁹
740 3882 1019 3949 Augustiu.
1042 3881 1107 3934 de
1130 3882 1191 3935 C.
1208 3882 1277 3935 D.
1302 3898 1390 3937 ιιι.
1413 3886 1495 3937 18.

426 3963 444 3992 ⁸
466 3964 545 4015 Ut
592 3976 659 4013 ea
710 3956 998 4028 (conjugia)
1051 3958 1170 4011 dolo
1214 3956 1496 4025 raperent?

428 4038 534 4091 Sed
557 4045 611 4089 et
629 4052 812 4103 rupere,
830 4041 1012 4099 raptor,
1031 4041 1088 4086 et
1102 4042 1268 4101 raptus
1284 4036 1497 4103 propria

428 4122 549 4165 sunt
572 4116 625 4165 in
642 4115 741 4165 liac
763 4129 820 4164 re
841 4111 1022 4175 verba,
1056 4120 1113 4163 et
1145 4128 1311 4177 rupen
1344 4121 1401 4165 et
1418 4130 1497 4164 ea·

424 4208 537 4258 pere
546 4206 685 4255 saepe
698 4194 1089 4255 permutantur;
1113 4207 1165 4243 v.
1176 4188 1292 4243 infr.
1304 4206 1370 4243 ιι.
1384 4196 1436 4243 6.
1445 4197 1497 4249 2.

428 4268 545 4321 Scio
568 4272 715 4317 recte
737 4264 839 4315 dici
856 4278 997 4313 manu
1012 4280 1194 4330 cupere,
1215 4274 1274 4317 ut
1291 4282 1375 4332 ap.
1393 4268 1503 4319 Sal·

431 4344 551 4395 lust.
574 4342 698 4407 Jug.
724 4356 769 4391 c.
792 4354 843 4389 v.
879 4344 894 4369 ⁴
914 4334 1049 4404 Pop.
1066 4340 1212 4393 Rom.
1232 4358 1497 4408 quascum-

2501 440 2632 506 453

1561 614 1662 667 que
1685 601 1836 652 urbes
1853 608 1910 653 et
1926 616 2078 667 agros
2094 614 2248 652 menn
2272 606 2506 665 ceperat,
2525 602 2633 665 regi

1562 676 1700 727 dono
1723 676 1908 741 dedit,’
1928 685 2003 741 et,
2037 693 2190 743 quem
2223 678 2295 727 ibi
2316 677 2498 727 Rivius
2521 678 2633 727 lau·

1562 755 1676 822 dat,
1695 755 1808 808 Liv,
1832 772 1921 809 ιιι.
1944 762 2027 809 71.
2061 760 2077 787 ‘
2102 759 2268 812 Quem
2288 770 2466 823 agrum
2489 758 2636 807 miles

1562 848 1660 899 pro
1683 834 1818 886 virili
1851 842 2002 901 parte
2023 848 2178 885 manu
2202 835 2468 899 cepisset!
2529 832 2636 881 Sed

1560 910 1660 960 hoc
1684 909 1797 960 fere
1817 910 1885 961 de
1910 911 1959 961 vi
1983 911 2174 963 bellica
2195 918 2250 961 et
2272 908 2472 972 hostili,
2493 907 2633 974 qnod

1564 988 1725 1038 aliter
1745 990 1761 1017 ‘
1779 988 2060 1053 pugnando
2075 988 2290 1053 espere’
2309 988 2535 1050 dicitur-3
2569 986 2638 1037 ‹le

1566 1078 1669 1129 qno
1702 1062 1944 1115 Claccou.
1985 1065 2052 1116 ad
2086 1064 2300 1116 Sallust.
2341 1064 2497 1115 Catil.
2531 1077 2636 1115 vu.

1562 1138 1758 1191 Verum
1781 1154 1857 1189 sc.
1879 1146 1936 1191 et
1957 1142 2038 1191 ed.
2059 1156 2165 1191 om.
2187 1142 2414 1191 retinent
2429 1144 2590 1205 capta.

1631 1216 1813 1267 Proeda
1839 1215 2004 1281 suere]
2057 1216 2378 1267 Nazarisnus
2401 1233 2415 1267 ι
2457 1218 2638 1281 proedoe

1549 1290 1712 1352 ,ἣκει-ο.
1743 1292 2003 1343 Palatini:
2035 1294 2218 1357 prada.
2273 1292 2530 1344 Jordanei
2553 1306 2639 1342 ve-

1568 1375 1742 1419 tet-esi
1773 1371 1940 1433 proeda
1965 1368 2128 1430 fuere.
2161 1370 2260 1419 hac
2298 1371 2466 1419 statim
2496 1384 2640 1419 causo

1567 1448 1817 1499 beuoncm:
1849 1462 1965 1513 quae
2005 1463 2183 1500 omnes
2215 1449 2470 1499 lectiones
2509 1451 2640 1499 tole-

1569 1524 1674 1576 rari
1696 1532 1928 1589 possunt,
1950 1540 2048 1576 nec
2068 1525 2229 1575 habet
2266 1524 2434 1575 altera
2450 1538 2546 1575 eur
2569 1524 2640 1573 al-

1568 1599 1673 1651 teri
1693 1601 1948 1665 invideat,
1971 1608 2058 1651 aut
2076 1615 2132 1651 se
2155 1599 2410 1665 praeferre
2433 1600 2509 1649 illi
2526 1614 2640 1664 pos-

1571 1678 1724 1728 tulet.
1789 1678 1854 1729 In
1888 1677 2196 1745 quibusdam
2218 1676 2363 1727 libris
2384 1681 2432 1727 et
2455 1675 2638 1726 deest:

1568 1748 1625 1803 in
1649 1751 1764 1804 aliis
1781 1754 1900 1804 liae.
1969 1754 2052 1804 Ex
2073 1750 2152 1804 his
2174 1752 2440 1805 v‘iriantiis
2462 1753 2642 1803 lectio-

1570 1844 1691 1881 nem
1725 1828 2054 1892 emebamus,
2089 1844 2244 1895 quam
2278 1842 2454 1879 veram
2488 1835 2641 1894 puta-

1568 1918 1685 1957 mus
1706 1920 1839 1973 esse,
1857 1908 2024 1972 praeda
2043 1906 2207 1971 fuere,
2237 1912 2286 1955 et
2316 1905 2486 1957 statius
2501 1920 2642 1954 causa

1570 1983 1808 2034 bellorum.
1874 1980 2171 2047 Eleganter.
2203 1980 2312 2045 Sol.
2379 1978 2485 2030 Alii
2515 1994 2640 2045 pra-

1569 2060 1680 2118 doe3
1713 2066 1952 2110 neutrum
1975 2060 2130 2111 male.
2197 2060 2283 2109 De
2321 2072 2378 2108 re
2398 2064 2641 2109 auctores

1570 2150 1728 2200 supra
1742 2135 1907 2186 citati.
1941 2135 2200 2186 Numerus
2214 2139 2482 2198 raptarum
2500 2131 2640 2196 apud

1572 2208 1792 2275 Dionys.
1813 2214 1864 2274 2,
1881 2214 1960 2261 81.
1974 2217 2054 2260 est
2071 2212 2188 2259 688.
2209 2208 2348 2273 apud
2369 2206 2640 2259 Plutarch.

1572 2286 1725 2336 Rom.
1747 2300 1865 2351 cap.
1887 2288 1969 2335 22.
2031 2282 2278 2336 Totidem
2303 2291 2478 2349 raptas
2503 2285 2646 2337 suba

1570 2360 1772 2411 scribit.
1837 2362 2080 2413 Valerius
2104 2360 2289 2413 Antias
2311 2364 2428 2411 52⁶7.
2455 2360 2540 2411 alii
2560 2364 2644 2412 80.

1572 2441 1793 2489 tantum.
1873 2438 2154 2489 Salmasius
2191 2438 2288 2489 hoc
2325 2437 2440 2488 loco
2475 2436 2639 2501 legitz

1563 2514 1732 2579 prada
1757 2510 1918 2579 suere,
1953 2520 1999 2566 et
2035 2514 2202 2566 nasim
2221 2529 2362 2566 cam
2383 2512 2606 2564 bellorum
2624 2529 2641 2563 ε

1570 2590 1845 2655 eleganter
1878 2598 2046 2655 certe,
2085 2600 2142 2641 et
2179 2589 2254 2640 ita
2287 2590 2548 2642 Gruterus
2589 2588 2642 2639 in

1570 2665 1770 2717 duobus
1791 2664 2047 2716 Palatinis
2079 2665 2184 2715 suis
2213 2664 2319 2729 legi
2339 2664 2642 2716 attestatur.

1570 2742 1662 2793 Fr.
1727 2742 1895 2793 Plane
1916 2740 2213 2806 Ryckianus
2227 2738 2568 2806 predonem,
2593 2744 2642 2791 et

1567 2820 1738 2869 “aisn
1770 2834 1939 2869 eausa
1974 2818 2218 2877 bellorum,
2254 2822 2315 2868 ut
2363 2815 2642 2867 Salmasius

1569 2893 1800 2944 volebat.
1835 2894 2022 2943 Recte.
2090 2892 2356 2958 Excerpta
2377 2892 2642 2957 Put.prae-

1570 2968 1877 3032 daefioerunt,
1914 2974 1960 3020 et
1981 2968 2081 3019 Ιιασ
2109 2968 2280 3019 statim
2311 2985 2476 3020 caum
2505 2969 2646 3019 bello-

1569 3060 1696 3096 rum.
1781 3044 1968 3095 Paullo
2007 3051 2130 3096 ante
2180 3042 2339 3109 {teg-z
2389 3043 2644 3095 Simulatis

1570 3120 1875 3186 equestribus.
1939 3118 2096 3172 Quod
2132 3118 2258 3170 ferri
2299 3126 2486 3185 potest.
2555 3120 2642 3172 Sic

1571 3194 1589 3226 ⁸
1608 3196 1674 3246 ln
1697 3194 2021 3263 equestribus
2037 3189 2250 3247 sedere*
2285 3211 2359 3249 sc.
2381 3196 2644 3248 subselliis

1572 3287 1664 3324 sen
1707 3272 1850 3324 locis.
1903 3272 2074 3322 Gran.
2143 3272 2490 3325 Consentiunt
2523 3288 2642 3325 cum

1570 3346 1744 3413 Ryck.
1767 3347 1924 3398 etiam
1943 3346 2081 3399 Tou.
2100 3346 2292 3399 Duisb.
2321 3348 2480 3400 Fran.
2505 3350 2640 3402 Pali.

1568 3420 1722 3474 Voss.
1748 3426 1795 3475 1.
1813 3427 1860 3474 8.
1885 3428 1941 3473 et
1959 3424 2026 3475 V.
2045 3424 2108 3475 E.
2173 3424 2362 3491 Itaque
2385 3426 2533 3489 potui
2555 3442 2645 3475 ex·

1570 3500 1787 3551 cludere
1809 3514 2096 3565 pronomen
2128 3498 2246 3563 hac,
2285 3502 2423 3567 quod
2445 3506 2504 3553 et
2523 3515 2641 3566 pose

1570 3577 1740 3625 trema
1759 3574 1898 3627 Edit.
1914 3574 2083 3625 Amet.
2101 3576 2378 3645 omiserat:
2399 3578 2505 3627 etsi
2520 3594 2644 3628 uon·

1570 3650 1698 3701 nihil
1723 3651 1906 3702 dubito
1929 3666 1995 3701 an
2029 3652 2202 3717 potius
2223 3653 2552 3707 retinendum
2572 3656 2643 3707 sit

1568 3739 1638 3777 ex
1660 3741 1801 3777 more
1822 3726 1980 3779 Flori.
2045 3726 2110 3777 V.
2133 3726 2370 3780 Freinsh.
2395 3729 2460 3780 ad
2485 3746 2536 3780 n.
2563 3734 2642 3781 18.

1569 3803 1723 3869 hujus
1743 3817 1859 3868 cap.
1879 3808 1936 3852 et
1955 3802 2114 3853 Salm.
2135 3801 2204 3853 ad
2227 3817 2265 3853 1.
2288 3806 2366 3857 18.
2387 3809 2436 3858 8.
2501 3806 2642 3855 Proe·

1569 3880 1651 3943 du,
1686 3891 1753 3929 en
1790 3890 1907 3929 cum
1945 3878 2132 3931 Nazar.
2170 3878 2324 3931 Voss.
2345 3884 2395 3931 8.
2430 3889 2487 3930 et
2521 3880 2642 3930 edd.

1570 3960 1701 4006 vett.
1720 3960 1946 4019 excepta
1966 3956 2153 4020 prima,
2165 3956 2342 4021 proedae
2365 3956 2528 4020 dicas,
2551 3972 2640 4019 pa·

1570 4021 1686 4082 rum
1712 4032 1956 4083 interest.
2025 4030 2123 4081 Illa
2158 4030 2326 4080 forma
2365 4030 2644 4081 Liwxum

1569 4111 1622 4157 6.
1655 4106 1854 4159 Justin.
1877 4121 1955 4157 ιν.
1979 4110 2030 4157 8.
2065 4114 2122 4156 et
2146 4118 2343 4158 xxxxv.
2364 4108 2414 4156 2.
2437 4112 2495 4157 et
2515 4104 2646 4157 Ovi-

1571 4182 1690 4233 dius
1723 4196 1881 4248 soepe.
1943 4180 2069 4231 vid.
2103 4180 2370 4233 Pmerat.
2399 4178 2468 4231 nd
2507 4182 2642 4233 Pro·

1573 4264 1710 4327 pert.
1730 4272 1792 4309 ιι.
1808 4263 1859 4310 4.
1883 4258 2000 4309 Hac
2024 4258 2136 4307 Liv.
2155 4269 2306 4310 xxxv.
2325 4260 2406 4309 ⁸6.
2424 4258 2638 4317 Sallust.

1574 4332 1696 4401 sug.
1721 4347 1871 4385 uix.
1907 4339 1965 4385 et
1996 4334 2190 4387 Justin.
2225 4344 2392 4389 xm.
2416 4340 2465 4389 1.
2531 4336 2638 4393 Sed
