3234 4909
607 390 698 460 20
1383 404 1450 455 1..
1498 401 1759 455 anm!
1809 402 2035 455 nom

605 551 884 619 materia
911 548 1244 626 deficeret,
1265 548 1530 614 ,viribus
1557 550 1702 615 suis
1728 546 1903 614 male
1932 553 2248 630 uteretur,
2280 548 2532 636 quibus
2562 569 2635 617 se
2664 552 2824 636 ipsa

606 653 915 723 confecit.
1007 652 1190 717 Haec
1218 652 1348 717 fuit
1393 652 1612 736 prima
1640 650 1791 736 ejus
1824 656 2177 719 senectus:
2222 670 2375 717 cum
2406 654 2609 719 bellis
2634 655 2825 721 lace-

608 762 757 823 rata
785 754 1118 835 civilibus,
1164 760 1364 839 atque
1407 754 1727 820 intestino
1756 753 1936 820 malo
1962 772 2225 838 pressa,
2268 772 2503 821 rursus
2534 756 2620 821 ad
2649 756 2825 840 reg-i-

606 879 758 925 men
787 858 1136 943 singularis
1175 856 1440 943 imperii
1469 856 1741 937 recidit,
1796 858 1996 942 quasi
2026 857 2112 923 ad
2156 858 2439 923 alteram
2469 858 2822 925 infantiam

610 959 944 1027 revoluta.
1057 958 1338 1025 Amissa
1383 960 1556 1026 enim
1604 962 1934 1039 libertate,
1984 978 2215 1045 quam,
2268 959 2479 1025 Bruto
2528 960 2705 1026 duce
2754 965 2829 1025 et

613 1068 912 1140 auctore,
941 1061 1384 1143 defenderat,
1427 1065 1527 1129 ita
1575 1065 1937 1142 consenuit,
1980 1068 2300 1148 tanquam
2329 1067 2721 1128 sustentare
2751 1080 2831 1126 se

609 1166 764 1249 ipsa
791 1182 924 1229 non
961 1164 1236 1244 valeret,
1279 1166 1416 1233 nisi
1460 1163 1875 1230 adminiculo
1914 1166 2283 1249 regentium
2314 1162 2831 1231 sustentaretur-‚⁹

615 1266 964 1331 Hactenus
991 1266 1408 1334 Lactantius.
1498 1268 1604 1335 Ea
1632 1272 1855 1335 autem
1882 1268 2326 1353 exscripsisse
2348 1268 2539 1333 aiunt
2560 1286 2651 1333 ex
2670 1281 2832 1352 pro-

610 1368 770 1452 logo
801 1368 1028 1451 Flori3
1073 1370 1192 1434 ubi
1219 1370 1370 1436 baec
1408 1370 1636 1454 legas:
1682 1374 1704 1406 ‘
1730 1370 1807 1436 Si
1838 1370 1997 1456 quis
2022 1388 2179 1455 ergo
2211 1371 2538 1455 populum
2568 1370 2829 1436 Roma

611 1488 771 1534 num
831 1470 1028 1552 quasi
1078 1469 1412 1537 hominem
1463 1466 1864 1551 consideret,
1924 1476 2272 1558 totamque
2324 1473 2477 1557 ejus
2552 1477 2829 1539 aetatem

609 1576 1027 1655 percenseat,
1055 1576 1134 1637 ut
1162 1574 1465 1658 coeperit,
1499 1582 1705 1660 utque
1734 1574 2137 1654 adoleverit,
2168 1580 2247 1641 ut
2276 1577 2473 1659 quasi
2505 1574 2594 1640 ad
2623 1593 2833 1659 quen-

613 1672 770 1738 dam
789 1672 1086 1758 juventae
1109 1674 1338 1740 florem
1363 1678 1761 1760 pervenerit,
1792 1686 1873 1743 ut
1894 1684 2137 1762 postea
2156 1676 2343 1743 velut
2372 1676 2830 1757 consenuerit3

617 1780 906 1857 quatuor
953 1773 1202 1857 gradus
1243 1794 1745 1862 processusque
1792 1778 1945 1862 ejus
1986 1778 2299 1843 inveniet.
2390 1776 2624 1843 Prima
2650 1781 2829 1843 aetas

615 1875 748 1939 snb
775 1874 1046 1957 regibus
1077 1890 1237 1939 σοι.
1284 1890 1406 1959 per
1435 1895 1679 1957 annos,
1728 1880 1975 1963 quibus
2014 1879 2268 1944 circum
2298 1880 2523 1964 ipsam
2550 1882 2835 1942 matrem

617 1994 808 2042 suam
835 1994 992 2040 cum
1029 1974 1334 2042 finitimis
1381 1979 1675 2043 luctatus
1718 1986 1841 2069 est.
1931 1980 2113 2045 Haec
2163 1982 2285 2045 erit
2334 1980 2485 2064 ejus
2528 1978 2834 2045 infantia.

617 2076 928 2162 Sequens
993 2096 1040 2143 a
1083 2076 1294 2147 Bruto
1357 2078 1832 2165 Collatinoque
1884 2078 2323 2161 Consulibus,
2384 2081 2458 2145 in
2522 2078 2833 2165 Appium

617 2175 974 2244 Claudium
1007 2179 1512 2264 Quinctumque
1566 2178 1891 2247 Fulvium
1932 2181 2277 2262 Consules,
2312 2200 2423 2247 cc.
2464 2200 2681 2248 annos
2710 2181 2837 2249 ha-

616 2280 776 2345 bet=
847 2280 1093 2363 quibus
1139 2280 1414 2346 Italiam
1460 2284 1742 2366 subegit.
1831 2284 1991 2349 Hoc
2032 2284 2161 2350 fuit
2202 2290 2473 2370 tempus
2512 2286 2679 2351 viris
2728 2302 2839 2351 ar-

617 2382 882 2464 misque
923 2384 1486 2449 incitatissimum.
1575 2385 1747 2450 Ideo
1795 2383 1949 2468 quis
1996 2388 2516 2452 adolescentiam
2564 2387 2840 2453 dixerit.

621 2480 888 2545 Dehinc
931 2483 1018 2547 ad
1063 2482 1400 2548 Caesarem
1447 2480 1825 2567 Augustum
1867 2502 2029 2551 ccl..
2063 2488 2255 2552 anni:
2327 2488 2573 2571 quibus
2620 2492 2840 2553 totum

621 2582 851 2648 orbem
891 2585 1190 2665 pacavit.
1281 2582 1426 2649 Hic
1467 2582 1619 2667 jam
1668 2584 1825 2667 ipsa
1860 2586 2146 2670 juventa
2190 2587 2481 2669 imperii,
2528 2591 2597 2653 et
2634 2590 2841 2671 quasi

620 2684 932 2767 quaedam
961 2685 1242 2749 robusta
1267 2682 1633 2749 maturitas.
1722 2681 1790 2748 A
1820 2682 2097 2751 Caesare
2124 2685 2456 2769 Augusto,
2504 2688 2573 2751 in
2616 2708 2842 2754 saecu·
2876 2768 2883 2775 ο

619 2786 760 2851 lum
785 2792 1114 2863 nostrum,
1145 2790 1304 2849 sunt
1327 2803 1464 2849 non
1488 2785 1700 2849 multo
1728 2786 1949 2851 minus
1978 2788 2133 2851 anni
2167 2804 2280 2853 cc.
2311 2790 2557 2871 quibus
2585 2789 2842 2857 inertia

621 2884 970 2952 Goesarum
1021 2884 1217 2968 quasi
1269 2882 1630 2949 consenuit
1686 2890 1887 2970 atque
1934 2887 2241 2967 decoxit,
2305 2888 2438 2953 nisi
2480 2889 2659 2973 quod
2706 2892 2839 2957 sub

620 2986 920 3072 TraJano
948 2985 1272 3073 Principe
1299 2996 1532 3053 movet
1563 2988 1879 3068 lacertos,
1896 2997 1990 3068 et,
2020 2994 2269 3076 praeter
2299 3008 2486 3074 spem
2514 2991 2843 3073 omnium,

625 3094 933 3155 senectus
961 3089 1250 3172 imperii,
1273 3090 1468 3173 quasi
1493 3089 1753 3155 reddita
1774 3088 2151 3174 juventute,
2182 3092 2570 3161 revirescit.’
2654 3092 2841 3161 Haec

625 3190 887 3257 Florus.
995 3191 1369 3275 Utrumque
1415 3196 1637 3256 autem
1688 3193 1915 3257 locum
1958 3196 2211 3277 integre
2276 3194 2711 3279 ascripsimus
2762 3202 2845 3261 ut

625 3310 860 3357 omnes
891 3292 1189 3372 videant,
1219 3312 1422 3377 quam
1447 3293 1709 3358 infirmo
1738 3295 2015 3360 tibicine
2041 3296 2354 3375 nitantur,
2398 3298 2635 3379 quiex
2666 3297 2840 3363 Lac·

621 3395 837 3460 tantio
865 3395 1205 3478 colligunt,
1253 3395 1655 3478 scriptorem
1684 3398 2071 3481 compendii
2116 3398 2315 3476 illius,
2363 3417 2499 3462 non
2532 3396 2837 3477 Florum,

627 3494 747 3560 sed
776 3497 1126 3574 Senecam,
1153 3495 1291 3561 dici
1320 3500 1645 3580 oportere.
1733 3495 1970 3579 Aiunt,
2000 3498 2404 3566 divisionem
2436 3520 2609 3581 eam,
2634 3500 2840 3586 cujus

625 3594 1016 3663 lactantius
1043 3596 1370 3663 Senecam
1397 3598 1633 3663 laudat
1660 3604 2023 3680 auctorem,
2066 3601 2245 3686 apud
2280 3600 2549 3668 Florum
2582 3604 2651 3666 in
2680 3622 2841 3687 pro-

624 3699 782 3783 logo
807 3699 961 3782 legi.
1049 3698 1133 3763 In
1173 3718 1312 3783 quo
1353 3700 1751 3765 manifestus
1793 3719 2023 3766 eorum
2066 3710 2171 3769 est
2206 3722 2409 3767 error.
2501 3702 2679 3767 Nam
2712 3703 2839 3768 Se-

623 3820 793 3867 neca
835 3800 1354 3866 adolescentiam
1405 3800 1711 3866 extendit
1758 3820 1979 3887 usque
2035 3802 2122 3867 ad
2168 3802 2365 3867 finem
2414 3802 2631 3868 ultimi
2677 3802 2837 3867 belli

628 3904 908 3971 Punici:
955 3902 1200 3969 Florus
1229 3903 1562 3969 duntaxat
1583 3903 1672 3967 ad
1700 3904 1988 3988 primum
2016 3905 2264 3971 bellum
2290 3905 2635 3971 Punicum.
2722 3902 2839 3969 Ad

625 4005 799 4087 baec,
865 4006 1127 4071 Seneca
1165 4006 1406 4091 incipit
1450 4012 1783 4072 senectam
1827 4025 1874 4072 a
1911 4006 2093 4071 bello
2136 4006 2323 4072 civili
2379 4004 2837 4090 Pompeiano:

631 4110 872 4176 Florus
895 4118 1122 4177 autem
1153 4130 1197 4175 a
1222 4111 1610 4197 principatu
1637 4109 1947 4195 Augusti.
2035 4108 2237 4175 Unde
2268 4110 2533 4193 colligo,
2559 4109 2836 4176 Florum

631 4210 896 4295 quidem
925 4214 1258 4281 imitatum
1300 4212 1518 4280 fuisse
1549 4214 1919 4279 Senecam:
1964 4210 2161 4278 aliter
2188 4217 2429 4292 tamen,
2474 4230 2678 4299 quam
2706 4212 2835 4278 Se·-
