3234 4909
597 380 646 443 4
1201 471 1206 486 ι
1285 396 1448 444 sou.
1499 396 1699 444 remu.
1746 395 2096 446 mscrmm

598 539 830 604 nescio
857 559 939 604 an
985 538 1379 623 reprehendi
1432 539 1746 604 acerrime
1783 538 2045 617 debeat,
2094 535 2275 621 quod
2320 537 2682 618 clamitent,
2724 541 2791 604 in

601 642 848 723 quibus
891 641 1142 706 eximia
1183 642 1273 706 sit
1316 641 1795 725 singularisque
1838 641 2061 706 Latini
2116 643 2440 706 sermonis
2484 643 2791 718 facultaS,

598 741 832 806 horum
861 743 1227 821 scientiam,
1260 763 1412 827 quae
1457 743 1720 807 scilicet
1746 743 2107 807 admodum
2136 743 2431 824 angustis
2454 744 2795 808 continea-

599 849 703 907 tur
729 842 998 921 finibus,
1030 843 1148 908 vix
1175 844 1444 926 dignam
1485 861 1638 908 esse
1682 843 1917 908 studiis
1960 863 2211 922 eorum,
2252 844 2367 927 qui
2396 843 2659 910 diffusae
2689 853 2793 908 at-

599 964 732 1029 que
763 945 1151 1010 excellentis
1205 945 1526 1010 doctrinae
1568 945 1836 1009 laudem
1880 951 2174 1029 captent,
2202 946 2407 1010 immo
2436 965 2795 1030 puerorum

601 1047 1388 1132 adolescentulorumque
1433 1047 1873 1113 imbecillitati
1914 1053 1981 1112 et
2033 1047 2287 1112 levitati
2334 1053 2639 1132 oportere
2694 1067 2795 1112 re-

597 1149 829 1231 linqui.
877 1149 1099 1214 Falso.
1189 1151 1447 1215 Etenim
1494 1169 1650 1214 cum
1688 1149 1967 1214 scientia
1993 1150 2239 1232 linguae
2272 1149 2535 1216 Latinae
2575 1149 2796 1233 parari

589 1249 783 1334 justa
831 1255 899 1315 et
942 1252 1143 1334 plena
1187 1253 1332 1321 sine
1375 1252 1753 1334 cognitione
1796 1271 2055 1317 morum
2098 1252 2677 1334 institutorumque
2730 1255 2797 1316 et

598 1371 813 1416 rerum
867 1358 1198 1436 gestarum
1256 1354 1499 1438 populi
1552 1354 1866 1432 Romani,
1908 1354 2125 1418 verbo
2179 1353 2481 1418 historiae
2545 1351 2797 1417 Roma-

598 1473 730 1529 nae,
788 1453 1100 1518 absoluta
1167 1474 1296 1518 non
1364 1457 1624 1538 possit:
1688 1456 2030 1538 quomodo
2072 1455 2191 1520 illa
2260 1475 2389 1521 non
2448 1454 2650 1536 digna
2708 1454 2798 1518 sit

598 1553 920 1618 industria
960 1554 1245 1619 hominis
1296 1555 1384 1619 ad
1425 1555 1698 1620 laudem
1746 1557 2027 1639 egregiae
2072 1557 2585 1640 praestantisque
2636 1555 2797 1619 doc-

599 1655 786 1720 trinae
839 1657 1246 1740 aspirantis?
1351 1655 1539 1735 Quot
1598 1657 1779 1721 enim
1857 1663 1925 1721 et
1977 1676 2179 1739 quam
2235 1656 2533 1738 grandia,
2596 1675 2795 1739 quam

606 1757 777 1819 varii
827 1756 1111 1836 generis,
1163 1757 1509 1821 volumina
1563 1757 1987 1839 ,scriptorum
2064 1777 2203 1822 non
2261 1757 2460 1821 modo
2517 1757 2800 1822 Latino—

600 1875 765 1934 rum,
797 1857 913 1920 sed
956 1859 1154 1920 etiam
1203 1855 1625 1934 Graecorum,
1655 1877 1790 1922 non
1840 1859 2041 1922 unius
2094 1860 2341 1936 aetatis,
2388 1877 2610 1923 verum
2656 1877 2798 1921 om-

599 1959 805 2035 nium,
836 1977 1034 2042 quam
1058 1958 1384 2037 studiose,
1410 1979 1608 2042 quam
1658 1959 2025 2042 diligenter,
2056 1959 2519 2041 cognoscenda
2548 1965 2699 2022 sunt
2727 1967 2797 2020 et

598 2058 958 2122 lectitanda
985 2058 1074 2122 ab
1117 2059 1230 2136 iis,
1276 2060 1393 2144 qui
1424 2079 1529 2123 res
1573 2060 1869 2125 civitatis
1898 2061 2229 2125 Romanae
2281 2061 2654 2143 perdiscere
2682 2077 2799 2122 cu-

599 2161 834 2244 piant?
911 2159 1045 2224 Sed
1088 2159 1216 2223 hoc
1261 2179 1643 2244 quanquam
1688 2161 2050 2225 maximum
2101 2159 2543 2236 commodum,
2574 2165 2799 2224 tamen

599 2281 734 2326 non
763 2281 964 2326 unum
1014 2267 1140 2340 est,
1189 2262 1384 2345 quod·
1427 2263 1870 2344 cognitionem
1914 2261 2213 2326 historiae
2260 2260 2587 2325 Romanae
2616 2280 2801 2325 com-

601 2351 882 2428 mendet*
912 2363 1206 2426 liberalis
1277 2363 1727 2444 elegantisque
1801 2361 2126 2426 doctrinae
2200 2361 2542 2426 studiosis.
2654 2361 2798 2426 Res

599 2466 770 2528 enim
816 2462 1266 2526 Romanorum
1312 2479 1465 2524 cum
1515 2461 1715 2524 rebus
1744 2460 2091 2524 civitatum
2136 2461 2453 2537 omnium,
2482 2461 2798 2526 humana—

597 2585 743 2630 rum
771 2563 1038 2649 quidem
1065 2567 1261 2639 certe,
1293 2562 1386 2627 ita
1415 2579 1741 2627 connexae
1782 2566 1935 2627 sunt
1960 2567 2032 2625 et
2056 2565 2196 2625 tam
2228 2567 2407 2626 arcte
2434 2561 2796 2644 copulatae,

597 2671 674 2730 ut
700 2666 949 2730 nullius
977 2665 1184 2746 gentis
1223 2663 1406 2728 facta
1449 2663 1765 2745 cognosci
1812 2667 1987 2727 recte
2014 2681 2097 2727 ac
2129 2662 2324 2745 plene
2350 2661 2495 2725 sine
2521 2662 2799 2730 historia

602 2767 914 2832 Romana
942 2765 1082 2828 ullo
1133 2763 1335 2828 modo
1389 2764 1675 2847 possint.
1764 2763 2076 2828 Historia
2122 2763 2796 2844 Carthaginiensium,

599 2865 975 2943 Persarum,
1053 2861 1469 2938 Graecorum,
1531 2863 1946 2945 aliarumque
1998 2862 2349 2928 civitatum
2410 2864 2799 2945 potentissi-

600 2985 882 3044 marum,
911 2965 981 3030 ni
1009 2965 1130 3028 lux
1153 2963 1482 3028 Romanae
1495 2961 1823 3062 ‘accedam
1848 2962 2135 3027 obscura
2164 2961 2503 3045 caecisque
2530 2963 2799 3045 sepulta

600 3067 886 3134 tenebris
904 3064 1114 3149 jacet.
1202 3064 1381 3144 Quae
1411 3082 1567 3128 cum
1604 3063 1703 3126 ita
1752 3063 1907 3142 sint,
1936 3063 2093 3146 quis
2120 3069 2227 3128 est
2252 3064 2410 3147 quin
2438 3069 2669 3146 sponte
2696 3064 2797 3127 in-

600 3168 876 3250 telligat,
907 3185 1110 3250 quam
1138 3170 1414 3241 mature,
1463 3182 1667 3248 quam
1717 3162 2078 3246 diligenter,
2124 3163 2218 3227 sit
2244 3162 2520 3228 historia
2550 3162 2797 3243 Roma-

599 3287 832 3334 norum
861 3267 1237 3332 imbibenda
1286 3264 1509 3341 abiis,
1541 3265 1661 3348 qui
1711 3262 1949 3330 Latine
1992 3263 2186 3330 docti
2232 3263 2397 3342 fieri,
2443 3283 2684 3348 resque
2726 3267 2795 3330 in

599 3369 908 3434 universo
936 3374 1250 3433 terrarum
1279 3367 1438 3431 orbe
1467 3372 1695 3447 gestas
1740 3383 2139 3448 cognoscere
2170 3373 2506 3444 accurate,
2538 3365 2742 3432 velint
2761 3369 2792 3431 ‘t

688 3467 1265 3546 Quemadmodum
1295 3485 1451 3534 vero
1479 3466 1939 3551 periculosum
1967 3472 2071 3532 est
2100 3473 2180 3532 -et
2224 3467 2505 3537 stultum
2532 3467 2793 3533 haurire

599 3589 811 3653 aquas
841 3591 879 3634 e
909 3571 1071 3635 rivis
1103 3569 1390 3635 turbidis
1419 3573 1488 3632 et
1510 3554 1898 3653 inquinatis,
1940 3568 2281 3652 praeterire
2327 3568 2545 3633 fontes
2587 3589 2793 3652 puros

598 3676 666 3734 et
707 3670 1057 3754 limpidos:
1124 3672 1218 3735 ita
1245 3677 1324 3735 ut
1351 3668 1534 3734 sacta
1561 3667 2019 3734 Romanorum
2050 3675 2555 3752 cognoscantur,
2586 3687 2794 3753 appa-

600 3779 698 3838 ret
725 3771 892 3836 adiri
944 3771 1182 3836 debere
1210 3771 1422 3836 libros
1465 3788 1715 3849 eorum,
1744 3769 1859 3852 qui
1905 3775 2023 3834 aut
2062 3771 2197 3852 ipsi
2227 3770 2426 3834 rebus
2456 3770 2663 3849 gestis
2693 3773 2793 3834 in-

601 3872 959 3951 terfuerint,
991 3878 1104 3938 aut
1141 3880 1319 3938 certe
1363 3889 1466 3948 ea,
1514 3889 1668 3956 quae
1710 3869 1923 3934 literis
1965 3870 2416 3952 prodiderunt,
2448 3871 2554 3935 vel
2584 3891 2621 3934 e
2654 3891 2791 3936 ser-

599 3973 900 4036 monibus
927 3973 1194 4038 testium
1237 3969 1366 4036 fide
1411 3971 1787 4051 dignorum,
1815 3971 1987 4034 vele
2014 3971 2453 4036 monumentis
2480 3972 2791 4055 publiciS,

601 4075 978 4156 acceperint
1003 4072 1485 4156 hauserintque.
1573 4070 1732 4150 Quo
1760 4070 2027 4154 quidem
2060 4073 2128 4135 in
2158 4092 2390 4154 genere
2418 4093 2505 4138 ex
2532 4073 2642 4150 iis„
2672 4075 2791 4155 qui

599 4171 936 4240 historiam
989 4171 1365 4241 Romanam
1415 4173 1656 4240 Latino
1700 4191 2003 4238 sermone
2034 4181 2567 4260 composuerunt,
2594 4193 2791 4240 nemo
