3234 4909
595 354 734 426 me
1405 368 1610 417 nucu
1660 368 1977 417 Aurum}

599 516 760 584 tali—s
805 516 1025 581 fuerit.
1110 512 1224 579 Ab
1273 532 1358 581 eo
1403 513 1835 599 AEsculapins
1876 512 2297 591 medicinam,
2348 512 2648 581 Achilles
2692 516 2785 581 Gi?-

603 616 886 695 tham,
915 620 985 681 et
1011 614 1145 681 alia
1157 615 1387 681 multa.
1475 614 1951 699 Capricornum
1976 618 2087 681 cui
2102 634 2343 681 nomen
2362 616 2535 681 Pan.
2622 614 2783 697 Quo

601 724 898 802 tempore
968 717 1290 803 Pythoum
1362 718 1723 801 speluncas
1778 718 2072 783 incolens
2134 718 2205 781 in
2270 723 2491 783 monte
2550 717 2783 799 Tauri,

597 820 965 905 AEgyptum
989 819 1329 903 profectus
1379 824 1484 885 est
1520 820 1610 885 ad
1640 820 1909 897 bellum,
1953 818 2101 885 Pan
2148 839 2225 885 se
2266 821 2338 885 in
2372 838 2597 904 caprae
2626 821 2781 905 figu-

561 990 568 999 ,
597 941 740 993 ram
766 920 1104 988 convertit.
1172 920 1387 1004 Igitur
1415 921 1534 987 Dii
1575 922 2003 999 immortales,
2034 927 2385 1005 postquam
2420 922 2785 1006 Pythonem

467 1092 472 1099 ,
599 1023 808 1106 digna
830 1041 1040 1106 poena
1067 1021 1452 1105 affecerunt,
1483 1023 1677 1091 Pana
1704 1030 2029 1092 astrorum
2070 1024 2385 1090 memoria
2422 1023 2786 1091 decorave—

600 1128 768 1189 runt.
879 1121 1247 1207 Aquarius,
1304 1126 1420 1208 qui
1469 1130 1743 1207 putatur
1802 1142 1953 1191 esse
2022 1123 2469 1209 Ganymedes,
2534 1126 2787 1191 dicitur

601 1225 976 1291 Deucalion
1003 1224 1397 1304 Thessalus,
1427 1225 1544 1309 qui
1587 1225 1883 1292 maximo
1926 1224 2337 1309 cataclysmo
2378 1244 2531 1293 cum
2572 1246 2785 1293 uxore

600 1326 860 1410 Pyrrha
889 1327 1076 1393 solus
1095 1328 1330 1406 evasit,
1351 1331 1418 1391 et
1443 1326 1552 1393 hic
1571 1327 1841 1410 pietatis
1860 1344 2077 1391 causa
2096 1328 2264 1394 inter
2286 1327 2507 1393 sidera
2531 1328 2787 1393 locatus

601 1433 723 1493 est.
811 1428 1081 1507 Pisces,
1109 1428 1270 1495 ideo
1295 1430 1542 1513 pisces,
1573 1429 1732 1513 quia
1758 1430 1937 1495 bello
1983 1426 2335 1511 Gigantum
2361 1428 2597 1495 Venus
2639 1448 2787 1512 per-

596 1530 864 1597 turbata
909 1531 985 1595 in
1037 1530 1300 1615 piscem
1344 1549 1418 1597 se
1465 1530 1975 1613 transfiguravit.
2068 1530 2249 1597 Nam
2306 1532 2547 1597 dicitur
2602 1538 2669 1597 et
2716 1533 2789 1597 in

597 1631 944 1715 Euphrate
985 1632 1194 1699 fluvio
1222 1652 1424 1699 ovum
1451 1632 1663 1717 piscis
1708 1634 1777 1697 in
1811 1652 1933 1699 ora
1962 1632 2252 1697 fluminis
2278 1632 2637 1699 columban
2670 1632 2788 1699 ad-

596 1732 858 1803 sedisse
911 1734 1056 1801 dies
1111 1734 1462 1818 plurimos,
1519 1738 1586 1799 et
1644 1733 2011 1799 exclusisse
2068 1734 2262 1801 deam
2313 1736 2665 1817 benignam
2720 1740 2789 1799 et

595 1834 1094 1902 misericordem
1129 1836 1512 1903 hominibus
1569 1834 1659 1899 ad
1718 1836 1965 1899 bonam
2018 1836 2251 1903 vitam.
2321 1835 2607 1920 Utrique
2646 1855 2787 1901 me-

594 1936 829 2003 moriae
857 1955 1067 2005 causa
1091 1937 1314 2023 pisces
1345 1938 1514 2001 inter
1541 1936 1763 2019 sidera
1784 1935 2013 2001 locati.

1219 2208 1385 2259 GAP.
1419 2206 1531 2255 111.
1620 2208 1719 2256 DE.
1761 2206 2188 2257 smmunus.

685 2376 950 2443 Praeter
993 2376 1344 2442 duodecim
1403 2374 1620 2457 signa,
1677 2372 2150 2457 potentissima
2208 2370 2424 2436 sidera
2470 2372 2541 2437 in
2593 2374 2788 2440 coelo,

600 2476 1126 2561 Septemtriones
1183 2475 1342 2556 duo,
1402 2478 1625 2561 maJor
1668 2484 1738 2541 et
1783 2477 2020 2554 minor,
2069 2476 2188 2557 qui
2237 2494 2578 2559 nunquam
2622 2495 2789 2541 mer·

597 2584 834 2661 guntm-
848 2602 870 2645 t
913 2580 1201 2663 ideoque
1241 2580 1511 2644 navium
1553 2598 1791 2643 cursus
1833 2582 2083 2661 reg-unt,
2129 2594 2409 2661 quorum
2440 2578 2621 2642 alter
2658 2576 2792 2663 Cy-

597 2696 844 2743 nosura
889 2679 1155 2745 dicitur.
1245 2680 1533 2757 BooteS‚
1561 2679 1738 2743 idem
1768 2679 2113 2743 Arcturus.
2206 2676 2440 2755 Orion,
2467 2680 2582 2763 qui
2612 2698 2793 2761 mag-

593 2778 894 2844 nitudine
919 2799 1048 2845 sua
1075 2778 1424 2845 dimidiam
1449 2780 1606 2845 coeli
1636 2780 1899 2844 obtinet
1925 2788 2209 2862 partem.
2298 2779 2594 2857 Pliades,
2638 2798 2791 2864 quae

596 2878 840 2947 Latine
889 2880 1200 2963 Virgiliae
1241 2881 1570 2945 dicuntur.
1660 2880 1967 2965 Hyades,
2008 2898 2165 2963 quae
2207 2898 2251 2943 a
2292 2881 2490 2944 nobis
2519 2880 2790 2945 Suculae

597 2978 931 3061 dicuntur,
961 3001 1236 3066 quarum
1267 2988 1453 3047 ortus
1485 2987 1550 3046 et
1587 3000 1874 3047 occasus
1918 3000 1960 3045 a
2000 2982 2221 3045 nautis
2248 2989 2319 3045 et
2360 2982 2448 3043 ab
2480 2982 2792 3061 agricolis

600 3080 1049 3148 observantur.
1139 3082 1486 3159 Canicula,
1532 3084 1725 3167 cujus
1774 3082 1879 3147 vis
1925 3080 2273 3164 praecipue
2320 3078 2625 3145 Solstitio
2665 3088 2791 3147 est.

593 3178 826 3245 Stellae
871 3184 1346 3264 potentissimae
1395 3184 1463 3245 in
1511 3180 1689 3246 coelo
1736 3184 1891 3246 sunt
1940 3186 2211 3266 septem,
2258 3180 2603 3262 SaturnuS,
2652 3184 2791 3262 Sol,

602 3278 816 3358 Luna,
867 3280 1079 3361 Mars,
1133 3280 1535 3360 Mercurius,
1588 3282 1878 3365 Jupioer;
1931 3280 2196 3361 VenuS,
2243 3303 2396 3367 quae
2443 3303 2486 3348 a
2528 3284 2793 3349 Graecis

599 3382 911 3465 planem,
942 3402 986 3447 a
1009 3384 1205 3475 nobis
1231 3385 1529 3449 erraticae
1558 3384 1888 3462 dicuntur,
1914 3385 2079 3468 quia
2107 3386 2195 3449 ad
2221 3386 2563 3450 arbitrium
2592 3404 2789 3449 suurn

598 3490 949 3564 vagantur,
997 3489 1066 3549 et
1114 3490 1300 3549 motu
1357 3504 1485 3549 suo
1533 3484 1867 3549 hominum
1910 3484 2051 3549 fata
2091 3485 2529 3552 moderantur.
2617 3485 2787 3552 Item

603 3580 885 3650 adverso
915 3604 1118 3653 cursu
1149 3593 1384 3651 contra
1413 3587 1659 3653 coelum
1695 3585 2021 3657 feruntur.

1591 3785 1807 3839 NOTAE

667 3918 732 3964 ιο
767 3914 977 3981 Python]
1014 3914 1226 3981 Typhon,
1249 3921 1306 3967 ct
1323 3930 1444 3967 mox
1471 3916 1655 3981 Typho-
1736 3930 1789 3981 p.
1830 3920 1942 3966 199.
1976 3922 2034 3966 et
2068 3914 2265 3981 Hygia.
2297 3914 2425 3965 Feb.
2458 3927 2660 3967 exem.
2702 3914 2789 3965 nbi

599 4004 724 4054 nent,
756 4003 851 4055 pro
877 3990 1151 4054 Pythoum
1183 3986 1366 4043 Heius.⁸
1392 3997 1449 4041 et
1471 3992 1655 4042 Mune-
1732 3994 2054 4047 Munckerns
2094 4008 2199 4043 non
2241 3993 2377 4043 male
2420 4006 2515 4056 pro
2555 3990 2788 4041 adomim

599 4056 717 4115 ker.
739 4064 808 4115 ad
826 4064 1024 4130 Hygia.
1041 4065 1166 4117 Fab-
1193 4078 1378 4118 cxcvx.
1736 4069 1980 4118 emendat
2001 4069 2239 4133 insedisse,
2270 4083 2301 4117 e
2338 4067 2623 4117 Scholiaste
2658 4066 2789 4119 Ger·

667 4144 728 4190 11
767 4140 1012 4206 Columba]
1041 4140 1146 4192 Adi
1165 4142 1382 4193 Salmas.
1404 4142 1470 4195 ad
1493 4143 1654 4197 Solio.
1735 4144 1938 4197 muici.
