3234 4909
609 404 741 470 620

609 562 794 611 ultima
813 560 958 611 vocis
979 560 1338 625 precedentis.
1387 564 1542 626 Capra
1565 563 1675 613 belli

602 638 938 702 transpositis
1000 636 1210 687 vocibus
1264 639 1463 689 habent
1515 639 1673 689 ‘etiam

611 716 775 777 Regg.
799 715 934 764 Flor.
956 714 1109 763 Fran.
1130 719 1187 763 et
1209 714 1372 778 Magl-
1401 720 1458 765 et
1478 727 1542 763 ex
1565 716 1675 764 edi-

614 790 680 839 tis
707 790 767 840 B.
787 790 840 839 S.
861 795 919 838 et
940 789 992 839 J.
1043 788 1295 840 Obsidione
1315 790 1472 839 etiam
1491 804 1523 839 e
1543 790 1673 840 Pali.

593 868 890 929 'scripserat
901 865 1198 916 Salmasius.
1232 867 1296 915 Iu
1311 866 1499 917 ceteris
1515 865 1680 929 scrip-

615 942 684 991 tis
705 948 760 990 et
793 940 878 990 ed.
917 947 1025 990 vet.
1064 947 1147 990 est
1181 941 1375 1005 obsidio,
1409 957 1512 1006 qua
1545 954 1677 991 voce

613 1032 720 1069 non
740 1019 1060 1069 recentiores
1081 1020 1232 1069 niodo
1255 1020 1567 1084 Scriptores,
1586 1032 1677 1068 ve·

617 1107 730 1141 rum
751 1094 907 1143 etiam
944 1094 1156 1154 Ennius,
1183 1094 1391 1157 Cealius,
1410 1096 1599 1157 Varro,
1622 1100 1678 1143 ct

613 1169 825 1219 Sallust.
865 1170 942 1218 usi
999 1177 1136 1219 suut.
1219 1169 1339 1219 Vid.
1375 1171 1570 1220 Merui.
1611 1170 1679 1219 ad

616 1246 750 1295 Eun.
774 1260 826 1309 p.
849 1249 964 1295 614.
1033 1246 1288 1296 Obsidione
1313 1260 1483 1307 argere
1503 1252 1680 1295 autem

615 1320 700 1370 hic
739 1334 842 1369 non
885 1328 990 1370 tam
1032 1327 1137 1383 est,
1176 1321 1542 1371 munitionibus
1581 1322 1680 1370 cir-

617 1396 874 1447 cumdatis
909 1396 1090 1445 urbem
1122 1396 1384 1459 claudere,
1423 1410 1574 1461 quam
1597 1411 1683 1447 oc-
1748 1424 1759 1432 ·

620 1472 828 1535 cupatis
851 1472 978 1521 locis
1001 1472 1202 1534 vicinis,
1223 1478 1278 1522 et
1299 1472 1555 1536 presidiis
1579 1472 1685 1521 dis·

619 1548 822 1611 positis,
857 1555 1164 1599 commeatu·
1183 1547 1411 1611 privare,
1429 1554 1486 1597 et
1515 1548 1590 1597 ita
1609 1548 1685 1597 in·

619 1624 853 1685 cludere,
887 1632 947 1672 ut
983 1637 1086 1673 uon
1119 1622 1274 1672 facile
1306 1622 1585 1687 quidquam
1620 1635 1684 1672 eo

621 1699 914 1763 importari,
927 1700 1011 1749 vel
1027 1699 1296 1763 quisquam
1317 1698 1518 1762 ingredi
1545 1712 1689 1762 egre·

627 1774 746 1823 dive
777 1774 957 1838 possit.
1022 1774 1158 1824 Nam
1193 1774 1420 1836 Regulus
1443 1788 1546 1824 non
1567 1788 1685 1825 curn

622 1850 856 1899 exercitu
875 1850 940 1899 ad
965 1850 1142 1899 urbem
1161 1847 1494 1899 obsidendam
1511 1844 1691 1900 acces·

621 1932 777 1986 serat,
801 1927 892 1975 sed
915 1926 1126 1975 Tuneta
1145 1934 1513 1989 occupaverat,
1552 1926 1691 1977 unde

625 2000 888 2063 Carthago
920 2000 1174 2063 conspici,
1209 2008 1264 2049 et
1299 2007 1438 2051 terra
1457 2004 1691 2068 marique

624 2075 858 2125 infestari
880 2082 1109 2139 poterat,
1128 2082 1188 2125 ut
1209 2075 1398 2140 Polyb.
1424 2090 1461 2127 1.
1481 2081 1558 2127 80.
1607 2078 1692 2128 Sic

627 2154 686 2202 C.
711 2152 849 2215 Nep.
874 2151 1046 2201 Alcib.
1066 2166 1144 2201 w.
1178 2153 1194 2179 ‘
1216 2154 1488 2203 Deceliam
1520 2154 1576 2202 in
1596 2152 1695 2204 At-

627 2230 734 2279 tica
751 2223 1424 2294 munierunt,'proesidioque
1437 2238 1694 2295 perpetuo

627 2306 698 2355 ibi
742 2306 914 2368 posito
951 2306 1002 2353 in
1041 2305 1308 2375 obsidione
1346 2304 1580 2355 Athenas
1620 2315 1696 2357 te-

627 2379 886 2430 nuerunt.’
955 2382 1026 2431 Et
1056 2381 1072 2408 ‘
1092 2380 1314 2430 obsidio’
1339 2395 1435 2445 pro
1455 2381 1697 2431 custodia

629 2468 713 2519 ap.
740 2455 931 2506 Justiu.
952 2469 1018 2504 ιι.
1042 2460 1122 2507 12.
1156 2468 1248 2505 xv.
1274 2462 1322 2508 1.
1354 2464 1411 2506 et
1426 2462 1692 2507 xxxix-1.

619 2530 1057 2593 quemadmodum
1102 2537 1158 2580 et
1199 2532 1409 2581 obsidere
1451 2534 1504 2581 in
1547 2534 1693 2584 Suet.

631 2607 799 2671 Calig.
821 2620 1020 2656 nvm-
1043 2608 1060 2637 ‘
1081 2608 1234 2659 Quod
1254 2614 1310 2657 et
1329 2614 1534 2672 patrem
1549 2621 1695 2659 suum

631 2682 1024 2731 Germanicum·
1038 2682 1241 2747 ducem,
1273 2690 1328 2733 et
1365 2698 1422 2732 se
1443 2682 1694 2734 infantem

631 2764 756 2807 tunc
794 2758 1153 2821 obsedissent,’
1189 2759 1224 2809 i.
1247 2773 1296 2809 e.
1339 2759 1484 2823 quasi
1510 2760 1562 2808 in
1583 2775 1697 2809 cus·

631 2832 774 2882 todia
793 2834 1106 2884 habuissent.
1175 2834 1306 2883 Nu.
1331 2842 1386 2883 et
1407 2834 1542 2883 alter
1575 2834 1694 2885 Pal.

629 2908 875 2969 mbae.
940 2910 1092 2961 Hanc
1137 2910 1400 2974 antiquam
1442 2911 1695 2962 rationem

631 2984 896 3033 scribendi
946 2998 1060 3034 esse
1115 2985 1309 3034 dudum
1355 2986 1697 3038 ostenderunt

633 3058 732 3107 viri
755 3059 912 3109 docti.
975 3060 1101 3110 vid.
1141 3062 1208 3111 el.
1249 3060 1589 3126 Oudendorp.
1630 3063 1695 3113 ad

635 3132 832 3183 Lucan.
871 3148 911 3185 ι.
935 3139 1046 3185 147.
1085 3134 1206 3185 add.
1242 3138 1440 3188 Muret.
1478 3138 1545 3187 ad
1580 3140 1697 3191 Cic.

636 3218 725 3256 ιιι.
747 3208 940 3271 Philip.
961 3213 1044 3258 18.
1080 3211 1142 3259 Iu
1163 3212 1419 3263 Pandect.
1439 3214 1632 3264 Flaui.
1648 3219 1697 3263 2.

633 3282 680 3345 ξ.
722 3286 772 3331 Β.
853 3284 912 3332 Si
956 3285 1072 3349 quis
1112 3286 1396 3337 cautionib.
1445 3288 1500 3338 in
1529 3290 1699 3353 judic.

634 3359 812 3409 ‘nulla
845 3363 1160 3411 necessitate
1199 3370 1452 3427 urguente
1471 3365 1506 3414 ε’
1557 3367 1592 3415 Ι.
1620 3372 1699 3417 18.

635 3436 706 3487 de
720 3438 943 3501 Recept.
967 3440 984 3469 ⁴
998 3437 1272 3490 Profectio
1283 3455 1506 3505 urguens
1519 3442 1552 3491 ι’
1571 3443 1604 3491 l.
1622 3446 1699 3493 12.

635 3516 683 3577 ς.
725 3517 804 3561 14.
839 3514 1020 3563 Mand.
1051 3515 1178 3564 ‘nec
1216 3524 1462 3580 urgueret
1498 3518 1703 3569 debito·

639 3602 748 3637 rem
771 3587 955 3638 suum!
1020 3588 1092 3637 Et
1125 3590 1388 3655 plerisque
1421 3593 1536 3641 aliis
1569 3594 1703 3643 iocis

639 3664 692 3713 in
714 3663 804 3711 iilo
824 3663 975 3712 libro.
1615 3686 1623 3700 ·

703 3741 750 3802 §.
781 3742 848 3787 22
883 3738 1207 3801 Circen-aeta]
1238 3741 1465 3803 Mutata,
1487 3756 1703 3792 conver·

641 3831 716 3881 sa,
747 3814 980 3865 Freinsh.
1017 3814 1072 3862 iu
1094 3813 1214 3863 lud.
1237 3815 1349 3865 Liv.
1383 3830 1598 3867 xxxvu.
1623 3822 1701 3869 16.

637 3900 653 3923 ⁸
676 3893 1075 3954 circumagente
1109 3904 1168 3939 se
1204 3891 1398 3942 vento!
1463 3894 1704 3958 Respicit

641 3964 872 4016 fortassis
893 3966 958 4015 ad
992 3963 1214 4028 effigiem
1252 3966 1513 4031 Fortunae,
1547 3984 1703 4034 quam

642 4050 772 4095 rotae
803 4042 1123 4093 insistentem
1158 4042 1443 4106 pingebant
1463 4047 1701 4100 Romani.

643 4118 764 4169 Vid.
786 4118 1011 4168 Broekh.
1045 4118 1112 4167 ad
1135 4118 1232 4167 hoc
1251 4120 1448 4169 Tibulli
1480 4136 1522 4171 1.
1545 4126 1597 4171 6.
1617 4127 1701 4174 ⁸4.

641 4194 658 4226 ⁸
677 4198 927 4247 Versatur
962 4195 1120 4245 celeri
1154 4197 1282 4246 Fors
1311 4196 1441 4248 levis
1471 4198 1598 4249 orbe
1621 4214 1702 4249 ro·

645 4271 755 4323 tie?
821 4271 957 4322 Plin.
985 4284 1108 4323 vm.
1143 4271 1214 4324 H.
1250 4272 1318 4324 N.
1353 4277 1405 4325 9.
1435 4274 1703 4328 ‘Circum-

1301 422 1515 471 NOTAE
1563 421 1965 471 VAmoRuM
2016 422 2095 470 IN

1746 560 1893 614 actus
1912 560 2176 613 rotarum!
2245 563 2357 615 Liv,
2384 575 2516 614 ιιιι.
2544 566 2627 613 42.
2660 563 2677 591 ⁶
2696 564 2812 615 Cir-

1746 647 2049 701 comagetur
2067 640 2151 689 hic
2176 637 2353 689 orbis?
2415 639 2621 689 Paulum
2638 639 2813 703 Ryck.

1746 716 1880 765 Toll.
1902 716 2050 765 Voss.
2081 715 2270 766 Duisb.
2305 722 2362 765 et
2400 714 2521 765 edd.
2549 722 2685 765 vett.
2718 730 2812 764 cx-

1747 799 1905 855 cepta
1924 792 2101 855 prima.

1814 866 2055 929 Insignia]
2088 864 2209 915 Nou
2230 870 2350 916 sunt
2368 880 2487 930 quae
2506 879 2647 928 supr.
2671 878 2713 915 1.
2735 869 2817 914 lo.

1746 940 2009 992 ‘monstra
2048 941 2334 1004 virtutum,'
2376 947 2436 991 ut
2475 940 2815 1009 Freinsh.-iu

1751 1016 1869 1066 Ind-
1932 1016 2039 1067 Sed
2063 1016 2393 1079 documenta,
2413 1023 2470 1066 et
2492 1020 2817 1080 argumenta,

1752 1097 1813 1141 ut
1850 1092 2107 1157 ‘insignia
2127 1091 2315 1142 morbi’
2351 1092 2489 1155 apud
2520 1092 2710 1141 Horat.
2745 1104 2816 1140 ιι.

1754 1166 1808 1216 8.
1840 1171 1890 1217 8.
1928 1171 2043 1218 254.
2072 1184 2077 1191 ·
2110 1168 2243 1218 Nam
2290 1166 2565 1231 ‘insignia'
2608 1166 2818 1231 proprie

1754 1249 1874 1291 sunt
1903 1242 2049 1305 algua
2070 1250 2127 1292 et
2158 1242 2370 1304 indicia,
2402 1241 2589 1307 quibus
2621 1239 2817 1307 aliquid

1754 1318 2004 1379 noscitur,
2021 1324 2076 1367 et
2097 1319 2161 1367 ab
2184 1319 2299 1368 aliis
2322 1318 2650 1367 discernitur.

1824 1394 1972 1455 Cuius
1996 1393 2109 1453 fere
2140 1393 2441 1455 magnitudo]
2484 1393 2623 1442 Vide
2644 1406 2828 1457 supra,

1760 1472 1909 1531 1,1s,
1930 1474 1981 1519 8.
2000 1467 2093 1518 inf.
2116 1472 2165 1530 s,
2189 1472 2271 1531 ιε,
2291 1474 2371 1519 13.
2408 1470 2494 1518 Fr.

1750 1588 1757 1595 .
1820 1548 1865 1609 ς.
1888 1549 1951 1595 28
2002 1546 2354 1610 Xanthippum]
2404 1547 2643 1607 Orosius,
2677 1551 2731 1611 ⁴,
2774 1551 2825 1597 9.

1755 1623 2115 1687 Xanthippum
2128 1624 2283 1686 hunc,
2305 1638 2479 1687 regem
2498 1624 2688 1673 Laced.
2704 1638 2824 1673 cum

1761 1698 1964 1748 auxiliis
1982 1699 2206 1749 accitum
2228 1699 2443 1749 scribit:
2486 1699 2621 1764 quod
2642 1714 2827 1749 verum

1760 1780 1893 1836 esse,
1916 1782 2261 1841 praeterqnam
2284 1776 2422 1841 quod
2446 1776 2705 1825 Auctores
2722 1790 2827 1825 nou

1762 1849 2079 1912 adsentiuut,
2093 1851 2211 1900 ideo
2231 1852 2387 1901 ctiam
2410 1866 2515 1901 non
2532 1851 2827 1916 puto,qnod

1762 1940 1865 1976 nou
1888 1927 1963 1976 ita
1984 1926 2219 1978 solebant
2246 1928 2511 1991 Spartani.
2578 1928 2683 1992 Ap.
2704 1929 2830 1979 Jus-

1764 2002 1856 2051 tin.
1892 2006 1947 2063 4,
1967 2006 2017 2063 Δ,
2048 2006 2097 2051 6.
2131 2004 2147 2031 ⁴
2166 2004 2479 2066 Syracusani
2511 2003 2759 2053 auxilium
2798 2018 2831 2052 a

1763 2078 2176 2128 Lacedaemoniis
2214 2080 2527 2141 petiverunt.
2593 2080 2831 2129 Mittitur

1766 2155 1833 2204 ab
1866 2154 1943 2202 his
1966 2154 2254 2218 Gylippus,·
2279 2154 2418 2205 solus
2440 2154 2681 2219 quidem!
2740 2154 2831 2205 Sic

1772 2229 2110 2279 Archidamus
2150 2230 2449 2279 Tarentinis
2482 2230 2703 2291 missus3
2753 2231 2833 2281 sic

1762 2306 1883 2354 aliis
1899 2304 2002 2353 alii.
2068 2305 2182 2355 Qua
2206 2314 2327 2354 vero
2346 2306 2545 2355 ratione
2571 2306 2831 2368 Regulum

1768 2380 2096 2444 Xanthippus
2110 2381 2315 2442 vicerit,
2330 2387 2580 2431 memorat
2598 2380 2835 2430 Frontiii.

1766 2460 1887 2518 2,2.
1922 2460 2001 2505 11.
2043 2455 2131 2504 ubi
2169 2455 2303 2504 vide.
2372 2456 2509 2505 Item
2550 2454 2711 2506 Diod.
2748 2460 2834 2517 22,

1768 2535 1849 2581 12.
1886 2531 1965 2581 Id.
2031 2530 2301 2596 Appianus
2322 2532 2373 2580 in
2398 2533 2566 2595 princ.
2586 2531 2834 2580 Punicor.

1766 2606 2221 2670 Carthaginienses
2244 2622 2275 2657 a
2299 2608 2707 2658 Lacedaemoniis
2738 2607 2834 2658 dn-

1767 2696 1881 2731 cem
1904 2682 2170 2747 petivisse,
2192 2691 2248 2732 et
2269 2684 2336 2732 ab
2373 2684 2451 2733 his
2471 2685 2835 2747 Xanthippum

1768 2757 1979 2806 missum
2001 2759 2180 2807 tradit.
2248 2759 2363 2809 Nec
2400 2760 2563 2808 multo
2597 2760 2753 2808 aliter
2781 2760 2837 2808 iu

1769 2832 1912 2897 Epit.
1937 2834 2049 2883 Liv.
2074 2846 2241 2885 xvin.
2306 2836 2502 2884 Contra
2521 2836 2771 2900 Polybius
2796 2850 2837 2885 1.

1768 2912 1852 2957 82.
1876 2909 1999 2957 nihil
2022 2909 2182 2967 aliud,
2219 2924 2371 2973 quam
2405 2926 2561 2960 noum
2584 2925 2615 2960 e
2638 2924 2839 2961 merce·

1770 2984 1933 3033 uariis
1956 2985 2009 3032 iu
2030 2984 2243 3035 Graecia
2264 2985 2555 3048 conductis,
2588 2986 2843 3036 Lacedae-
2950 3018 2961 3027 ·

1772 3062 2095 3127 moniumque
2148 3069 2205 3113 et
2255 3064 2509 3113 Laconica
2558 3063 2845 3126 disciplina

1772 3137 2025 3189 imbutum
2060 3138 2235 3200 fuisse,
2262 3154 2326 3189 ac
2363 3140 2433 3187 rei
2470 3138 2705 3189 militaris
2728 3154 2841 3189 me-

1772 3213 1998 3264 diocrem
2040 3230 2185 3266 usum
2230 3215 2473 3265 habuisse
2516 3220 2703 3264 auctor
2736 3222 2841 3265 est.

1773 3290 1845 3338 Et
1887 3289 2018 3341 Aur.
2061 3292 2204 3341 vict.
2248 3306 2294 3341 c.
2329 3304 2416 3339 xz..
2460 3290 2842 3339 mercenarium

1772 3364 1990 3414 militem
2012 3372 2185 3415 vocat.
2250 3366 2391 3427 Scio,
2412 3365 2535 3429 qnid
2560 3365 2845 3415 adnotave-

1774 3438 1880 3488 rint
1914 3434 2172 3490 Steffirech.
2208 3441 2273 3489 ad
2307 3440 2497 3503 Vegct.
2536 3454 2623 3491 ιιι.
2655 3454 2737 3504 pr.
2784 3449 2843 3491 et

1772 3513 1891 3563 Jac.
1915 3516 2079 3564 Gron.
2116 3515 2179 3564 ad
2214 3516 2403 3579 Polyb.
2426 3516 2460 3565 l.
2482 3515 2533 3565 d.
2572 3530 2669 3566 nec
2690 3516 2844 3567 lubet

1774 3602 2028 3653 qiioerere,
2048 3598 2219 3639 utrum
2244 3590 2405 3639 verba
2421 3590 2629 3653 Polybii
2649 3590 2715 3639 de
2734 3606 2845 3641 me-

1774 3664 1939 3714 diocri
1974 3678 2087 3729 usu,
2119 3678 2183 3713 an
2218 3680 2418 3714 summa
2438 3666 2630 3729 peritia
2651 3667 2731 3714 rei
2750 3666 2844 3715 mi-

1772 3739 1938 3788 litaris
1972 3740 2079 3789 siut
2111 3739 2433 3803 accipienda.
2498 3739 2604 3789 Sed
2636 3755 2701 3790 ex
2727 3747 2845 3791 tota

1774 3816 2069 3863 narratione
2094 3814 2325 3877 Polybii,
2344 3815 2431 3864 cui
2446 3829 2545 3879 ego
2566 3816 2619 3863 iu
2636 3814 2715 3865 his
2732 3830 2846 3866 ma-

1777 3892 1857 3953 gis
1876 3890 2053 3952 credo,
2064 3903 2217 3954 quam
2232 3891 2639 3954 recentioribus,
2654 3892 2847 3956 liquet,

1776 3968 2135 4030 Xanthippum
2173 3980 2346 4031 neque
2382 3967 2589 4032 imperii
2624 3980 2849 4017 cansa}

1775 4042 2284 4107 Carthaginiensibus
2322 4045 2629 4094 arcessitum
2666 4043 2849 4113 fuisse,

1774 4133 1944 4185 neque
1964 4118 2237 4181 imperium
2261 4120 2438 4183 ulium,
2453 4135 2612 4185 qun·
2626 4121 2849 4171 eenha-

1776 4195 1947 4259 ginem
1978 4194 2145 4255 veuit,
2180 4194 2435 4244 habuisse.
2502 4196 2613 4246 Cic.
2648 4210 2737 4245 ιιι.
2776 4196 2847 4247 da

1778 4269 1885 4325 off.
1908 4275 1992 4325 26.
2027 4277 2083 4323 et
2106 4272 2222 4325 Val.
2242 4270 2319 4322 M.
2342 4282 2381 4322 ι.
2404 4275 2450 4322 1.
2478 4274 2559 4324 14.
2582 4272 2847 4338 scribunt,
