3234 4909
587 427 674 493 12
1188 466 1198 475 -
1390 446 1452 493 s.
1497 445 1570 492 e.
1617 443 1968 494 enffivms

585 586 878 652 dictione
906 605 1108 673 quam
1139 587 1345 652 multa
1371 587 1740 667 maculosa,
1762 595 1834 652 et
1860 607 2019 674 quae
2048 606 2183 652 non
2206 587 2428 654 solum
2448 589 2535 653 ab
2566 607 2781 654 emen-

583 687 740 753 date
767 688 1182 772 loquentium
1209 688 1690 754 consuetudine
1715 694 1868 753 sunt
1896 689 2155 771 aliena3
2190 687 2310 754 sed
2338 689 2427 752 ab
2450 691 2781 767 omnibus,

585 808 757 872 quos
783 811 914 855 non
953 791 1232 855 sinistra
1259 791 1332 854 in
1358 791 1574 856 lucem
1603 790 1821 856 edidit
1849 797 2110 870 natura,
2143 789 2609 856 exsibilantur.
2698 792 2783 856 In
2913 829 2923 838 ,

584 892 700 957 lib.
715 909 738 955 1
749 937 763 954 .
775 893 882 957 14.
899 894 997 958 ait
1010 893 1295 958 Decium
1309 893 1590 971 Murem,
1611 912 1850 960 cumse
1870 894 2259 959 devovisset
2270 889 2425 957 Diis
2440 889 2781 970 Manibus,

584 996 653 1060 in
682 995 1163 1060 confertissima
1189 995 1480 1061 hostium
1509 995 1641 1060 tela
1668 1013 1743 1060 se
1760 995 2132 1081 jaculatum
2162 1013 2338 1073 esse,
2388 998 2408 1027 ‘
2439 1000 2517 1059 ut
2540 1011 2782 1058 novum

583 1095 674 1159 ad
706 1096 1051 1164 victoriam
1077 1099 1202 1164 iter
1226 1096 1574 1180 sanguinis
1605 1097 1711 1161 sui
1755 1097 1997 1162 semita
2037 1094 2365 1181 aperiret-⁸
2455 1093 2644 1173 Quid
2674 1100 2783 1158 est

588 1201 608 1230 ‘
643 1198 880 1264 semita
905 1198 1026 1263 iter
1044 1199 1300 1282 aperire
1319 1197 1372 1261 ‘l’
1459 1196 1600 1262 Sed
1630 1197 1829 1281 longe
1858 1198 2237 1281 corruptius
2258 1202 2367 1263 est
2396 1199 2417 1232 ‘
2436 1189 2780 1279 sauguinis

585 1299 824 1365 semita
850 1300 980 1364 iter
1009 1295 1310 1382 aperire?
1397 1297 1629 1363 Homo
1648 1316 1779 1362 non
1798 1299 2096 1382 ineptus,
2128 1299 2189 1362 si
2216 1298 2347 1363 hac
2372 1297 2438 1361 ei
2467 1295 2781 1361 utendum

583 1407 764 1466 esset
793 1401 1146 1481 sententia,
1174 1399 1445 1480 diceret,
1495 1405 1515 1434 ‘
1535 1407 1616 1466 ut
1640 1399 1726 1465 ad
1750 1401 2103 1465 victoriam
2119 1399 2435 1482 sanguine
2454 1418 2574 1463 suo
2594 1397 2780 1461 viam

583 1503 909 1586 aperiret.'
991 1502 1165 1569 Tam
1191 1510 1547 1568 venustum
1575 1509 1795 1568 tamen
1822 1509 2047 1566 nostro
2065 1501 2281 1566 visum
2300 1507 2405 1567 est
2420 1501 2555 1566 hoc
2584 1523 2791 1585 punga-

587 1605 794 1682 κιῶδες,
842 1611 915 1670 ut
959 1625 1154 1690 paene
1205 1610 1538 1689 repeteret
1587 1604 1709 1670 lib.
1742 1619 1855 1668 ιιι.
1881 1603 1990 1670 18.
2037 1607 2060 1638 ‘
2094 1603 2261 1687 Ipse
2288 1602 2515 1668 Julius
2544 1600 2782 1666 Caesar

583 1725 736 1770 cum
759 1707 828 1770 in
849 1707 1080 1771 urbem
1109 1713 1428 1771 cruentus
1455 1705 1829 1782 referretur,
1850 1705 2213 1770 miserabili
2244 1705 2471 1769 funere
2501 1722 2625 1787 per
2648 1723 2782 1768 me-

583 1805 766 1870 diam
794 1808 998 1871 etiam
1025 1807 1256 1870 urbem
1284 1807 1468 1872 viam
1497 1803 1714 1888 fecit3'
1745 1813 1816 1871 ut
1842 1806 1937 1870 ibi
1965 1805 2314 1890 legendum
2345 1805 2779 1870 ostendimus.

583 1906 720 1971 Sed
751 1925 905 1991 quae
935 1907 1024 1973 ad
1051 1905 1226 1974 hunc
1254 1907 1482 1972 locum
1509 1908 1919 1984 notavimus„
1966 1909 2031 1972 si
2072 1907 2242 1973 tanti
2280 1915 2459 1987 sunt,
2504 1913 2783 1991 possunt

581 2010 814 2077 videri.
901 2009 995 2076 At
1023 2010 1222 2095 quale
1247 2011 1374 2075 hoc
1403 2010 1519 2075 lib.
1553 2025 1634 2074 ιι.
1661 2010 1724 2075 3.
1770 2009 1991 2075 Gallis
2034 2013 2056 2044 ‘
2082 2010 2281 2094 quasi
2310 2015 2459 2074 cote
2486 2011 2781 2093 quadam

582 2112 878 2197 populus
904 2111 1248 2177 Romanus
1276 2113 1520 2177 ferrum
1547 2131 1695 2177 suae
1723 2112 1989 2202 virtutis
2013 2113 2310 2177 acuebat
2324 2109 2379 2174 'l’
2454 2109 2652 2176 Esset
2678 2117 2782 2177 to-

582 2214 926 2279 lerandum
954 2215 1014 2279 si
1037 2214 1424 2297 scripsisset
1449 2213 1802 2278 Gallorum
1829 2213 2029 2278 bellis
2057 2212 2427 2298 perpetuis,
2458 2219 2781 2295 tanquam

584 2321 736 2380 cote
761 2315 1081 2398 quadam,
1114 2314 1574 2381 Romanorum
1605 2316 1917 2380 virtutem
1944 2315 2151 2382 acui.·
2194 2314 2375 2380 Nam
2400 2333 2493 2379 ex
2516 2313 2782 2379 Groeois

583 2416 734 2480 haec
785 2415 1032 2494 hausit,
1077 2415 1148 2479 in
1197 2433 1479 2498 quorum
1525 2415 1860 2482 memoriis
1904 2413 2203 2496 traditur,
2249 2413 2783 2482 Lacedaemonas

583 2515 893 2582 hostilem
939 2516 1174 2580 urbem
1217 2533 1500 2582 vocasse
1537 2521 1760 2582 cotem
1796 2515 2199 2599 juventutis.
2286 2515 2419 2580 Sed
2465 2520 2487 2550 ‘
2514 2516 2781 2582 virtutis

581 2617 826 2682 ferrum
852 2615 1116 2683 acuere'
1143 2635 1278 2681 non
1307 2607 1456 2682 sani
1483 2635 1637 2682 esse
1662 2616 1955 2682 hominis
1980 2635 2111 2684 non
2138 2635 2345 2681 sanus
2362 2615 2550 2700 juret
2575 2613 2780 2681 Ores·

583 2723 706 2784 tes.
797 2717 1121 2802 Ejusdem
1148 2737 1392 2782 census
1413 2723 1518 2782 est
1561 2722 1583 2754 ‘
1615 2719 1855 2782 fretum
1885 2715 2403 2797 adolescentiae,'
2432 2717 2657 2801 capite
2682 2715 2781 2782 ul-

581 2821 748 2887 timo
776 2819 975 2902 hujus
1005 2817 1196 2884 libri:
1247 2818 1270 2849 ‘
1300 2816 1494 2881 Talis
1519 2836 1695 2899 pace
1738 2816 2061 2900 belloque
2088 2818 2383 2900 populus
2424 2817 2781 2882 Romanus

581 2923 814 2985 fretum
840 2917 1006 2984 illud
1029 2915 1537 2997 adolescentiae,
1564 2917 1635 2982 id
1662 2925 1793 2995 est,
1818 2916 2173 2982 secundam
2200 2916 2464 2999 imperii
2488 2923 2779 2996 aetatem,

579 3020 849 3086 habuit!
936 3018 1272 3084 Nimirum
1329 3019 1490 3102 quia
1539 3025 1682 3082 tum
1738 3016 1992 3086 fervida
2052 3015 2510 3082 Romanorum
2572 3019 2779 3084 virtus

583 3131 747 3201 erat,
777 3128 848 3188 et
874 3122 1036 3206 quia
1061 3120 1229 3184 freta
1253 3120 1536 3199 fervent,
1563 3118 1851 3185 credidit
1878 3118 2010 3184 sibi
2056 3119 2253 3184 licere
2282 3119 2477 3184 istam
2506 3125 2779 3188 aetatem

579 3225 904 3292 fervidam
945 3224 1168 3289 dicere
1205 3227 1227 3258 ‘
1255 3221 1502 3286 fretum
1529 3219 2050 3287 adolescentiae.’
2136 3219 2276 3287 Sed
2306 3221 2457 3288 haec
2487 3219 2775 3289 audacia

490 3361 499 3370 ·
585 3328 1086 3393 translationum
1131 3327 1205 3390 in
1254 3324 1635 3389 Rhetorum
1672 3322 1947 3402 scholis,
2000 3328 2074 3388 et
2122 3323 2209 3388 ab
2236 3321 2615 3388 hominibus
2642 3344 2777 3392 non

583 3429 863 3513 putidis,
911 3447 1044 3492 nou
1092 3426 1450 3492 damnatur
1489 3423 1717 3504 modo,
1768 3421 1885 3490 sed
1934 3425 2081 3510 ejus
2124 3431 2431 3490 auctores
2456 3429 2779 3510 tanquam

581 3530 750 3595 fatui
779 3537 846 3595 et
898 3528 1144 3593 nullius
1182 3526 1431 3611 judicii
1486 3525 1793 3591 homines
1848 3524 2219 3590 irridentur.
2308 3523 2467 3590 Non
2495 3545 2775 3610 possum

583 3632 914 3717 praeterire
941 3631 1200 3716 γοργεῖον
1248 3626 1440 3706 illud,
1493 3632 1562 3693 et
1606 3627 1766 3710 plus
1811 3645 2013 3710 quam
2040 3625 2397 3711 παιδαριῶδες
2447 3625 2561 3692 lib.
2592 3643 2677 3692 11.
2706 3627 2774 3692 6.

585 3733 904 3799 Dicturus
945 3736 1087 3796 erat
1130 3731 1202 3793 in
1244 3729 1585 3813 Hispania
1634 3747 1723 3794 ex
1770 3728 2047 3812 Sagunti
2076 3727 2389 3794 incendio
2418 3733 2486 3792 et
2510 3727 2777 3794 excidio

583 3832 944 3900 secundum
969 3829 1218 3897 bellum
1251 3830 1586 3896 Punicum
1614 3835 1831 3895 ortum
1862 3847 2039 3894 esse.
2107 3827 2285 3894 Vide
2312 3846 2511 3912 quam
2542 3829 2777 3894 absur-

584 3936 714 4000 dus
742 3934 940 3999 fuerit
985 3933 1055 3996 in
1100 3931 1232 3997 hac
1277 3931 1600 3997 sententia
1640 3950 1773 3998 non
1805 3929 2124 4009 ornanda,
2156 3929 2281 3995 sed
2307 3929 2776 3998 deformanda:

585 4040 608 4071 ‘
642 4035 778 4100 Ubi
809 4030 1062 4112 semel:
1114 4034 1355 4118 inquit,
1416 4037 1438 4067 ‘
1483 4053 1558 4097 se
1599 4034 1669 4098 in
1714 4029 2053 4116 Hispania
2078 4030 2291 4096 movit
2316 4029 2435 4094 illa
2464 4031 2683 4113 gravis
2710 4037 2779 4098 et

583 4136 890 4200 luctuosa
941 4134 1180 4200 Punici
1221 4133 1380 4200 belli
1424 4133 1530 4200 vis
1575 4138 1780 4218 atque
1824 4137 2217 4215 tempestas,
2247 4130 2776 4216 destinatumque

587 4231 916 4304 Romanis
936 4237 1079 4323 jam
1107 4235 1225 4302 diu
1251 4235 1504 4302 fulmen
1547 4235 1910 4320 Saguntino
1960 4234 2111 4320 igne
2156 4231 2509 4316 conflavit;
2552 4233 2774 4300 statim
