3234 4909
451 423 474 436 -
583 393 632 458 6
1276 419 1442 494 son.
1492 420 1693 472 rain.
1741 421 2091 473 insenum

583 558 972 626 eveherent.
1019 575 1172 622 cum
1200 577 1282 624 ea
1331 579 1438 625 res
1467 560 1634 628 nihil
1663 563 1868 642 obsit,
1899 566 2123 649 prosit
2146 567 2523 652 plurimum,
2554 574 2782 644 tironi-

584 661 739 750 bus.
830 657 1178 736 Quorum
1157 679 1228 724 ιιι
1261 663 1501 729 animis
1527 683 1730 749 quam
1760 667 1927 732 utile
1960 667 2052 735 sit
2092 673 2173 735 ut
2212 673 2538 740 excitetur
2579 697 2782 762 quam

583 761 883 828 maxima
915 761 1367 828 Romanorum
1397 771 1699 833 veterum
1742 769 2121 852 admiratio,
2166 792 2367 857 quam
2408 795 2783 863 consequa-

584 869 694 930 tur
719 884 844 947 par
869 865 1164 930 studium
1205 871 1274 930 et
1315 868 1656 934 aemulatio
1691 868 2040 951 doctrinae,
2069 873 2446 957 sapientiae,
2466 875 2781 960 justitiae,

583 964 967 1043 eorundem,
1016 965 1173 1048 quis
1215 968 1516 1050 ignorat?
1595 969 1903 1054 Denique
1944 973 2017 1036 in
2059 974 2387 1057 partibus,
2434 978 2666 1058 fateor,
2714 986 2785 1045 et

581 1067 894 1132 membris
923 1067 1195 1151 singulis
1223 1069 1468 1136 vitiosa
1488 1077 1592 1134 est
1621 1075 1690 1136 et
1718 1074 2169 1140 contaminata
2197 1095 2390 1160 saepe
2418 1077 2603 1143 Flori
2632 1100 2782 1147 ora-

583 1170 716 1250 tio,
699 1191 715 1206 ·
761 1170 964 1233 utitur
989 1169 1235 1246 verbis,
1263 1169 1586 1248 formulis,
1631 1173 1835 1237 etiam
1878 1175 2115 1258 tropis,
2161 1196 2335 1261 quos
2375 1179 2669 1246 limatum
2712 1190 2783 1248 et

583 1271 831 1336 subtile
871 1269 1198 1356 judicium
1227 1271 1407 1336 auris
1456 1272 1673 1338 doctae
1704 1278 1769 1338 et
1818 1275 2111 1358 legendis
2170 1277 2359 1344 libris
2408 1279 2781 1363 Ciceronis,

581 1371 910 1450 Caesaris,
968 1371 1384 1456 aliorumque
1441 1375 1646 1468 tritae,
1706 1395 1843 1441 non
1894 1378 2069 1442 ferat
2124 1384 2196 1444 et
2250 1380 2513 1463 probet,
2572 1382 2780 1450 immo

583 1483 858 1561 respuat
884 1481 1086 1559 atque
1115 1473 1438 1557 repudiet.
1526 1475 1627 1541 At
1654 1478 1871 1560 primo
1916 1485 2143 1544 tamen
2193 1481 2403 1546 totius
2460 1485 2783 1550 orationis

581 1579 816 1654 facies,
845 1581 922 1642 ut
949 1577 1048 1640 ita
1073 1574 1318 1654 dicam,
1345 1583 1412 1642 et
1451 1577 1666 1642 forma
1690 1578 1859 1662 quin
1893 1579 2159 1662 integra
2200 1582 2292 1646 sit
2346 1587 2543 1666 atque
2592 1603 2781 1663 sana,

583 1699 738 1766 quae
769 1679 1203 1772 Romanum
1181 1680 1519 1761 ingenium
1544 1687 1849 1763 vegetum
1884 1680 2088 1746 facile
2118 1689 2370 1765 arguat,
2398 1685 2553 1766 quis
2586 1684 2781 1750 dubi·

583 1787 678 1846 tet
697 1782 730 1844 'l
784 1781 1046 1845 Deinde
1090 1799 1180 1844 ex
1221 1780 1333 1859 iis,
1387 1800 1542 1864 quse
1601 1799 1809 1865 supra
1849 1782 2171 1862 diximus,
2202 1789 2505 1849 constare
2534 1781 2779 1870 potest,

579 1882 775 1946 nobis
802 1881 1084 1964 placere,
1111 1886 1184 1946 ut
1208 1881 1490 1948 historia
1515 1881 1829 1948 Romana
1856 1903 1901 1947 a
1926 1885 2252 1950 tironibus
2282 1905 2321 1950 e
2346 1885 2539 1951 libris
2570 1886 2780 1968 Flori,

581 1988 908 2067 tanquam
949 2002 989 2046 e
1044 1981 1250 2062 fonte,
1303 1984 1399 2048 ita
1449 1984 1813 2064 hauriatur,
1842 1990 1914 2050 ut
1956 1986 2175 2070 ipsius
2216 1987 2461 2069 linguae
2512 1987 2779 2054 Latinae

581 2085 870 2152 scientia
926 2084 1190 2150 aliunde
1241 2091 1542 2180 petatur..
1617 2086 1937 2171 Namque
1988 2087 2049 2152 si
2098 2107 2148 2152 e
2197 2087 2391 2154 libris
2442 2087 2626 2154 Flori
2651 2107 2781 2154 non

580 2188 812 2254 multae
837 2205 1234 2271 magnaeque
1276 2187 1595 2252 utilitates
1639 2189 1799 2271 capi
1841 2192 2117 2273 possent
2159 2189 2245 2253 ab
2272 2189 2617 2253 literarum
2644 2196 2782 2254 stu-

581 2289 843 2370 diosis3
887 2297 1068 2355 certe
1121 2308 1458 2372 nunquam
1516 2296 1626 2353 tot
1674 2291 1982 2373 tantique
2024 2288 2330 2354 homines
2370 2290 2783 2369 extitissent,

582 2391 802 2474 quiin
828 2389 918 2454 iis
945 2388 1382 2455 emendandis
1409 2388 1921 2472 enarrandisque
1950 2377 2203 2454 tantum
2232 2389 2437 2454 studii
2464 2396 2532 2454 et
2558 2409 2779 2473 operm

579 2496 1087 2557 consumerent:
1131 2489 1318 2574 quod
1363 2509 1407 2554 a
1437 2487 1769 2568 Camerte,
1800 2488 2079 2567 Vineto,
2136 2490 2405 2574 Lipsio,
2465 2488 2779 2568 Grutero,

579 2591 945 2670 salmasio,
974 2590 1456 2669 Freinshemio,
1483 2589 1786 2668 Graevio,
1820 2589 2126 2668 Dukero,
2169 2590 2363 2656 Viris
2404 2591 2676 2674 magnis
2708 2592 2781 2657 in

580 2693 837 2778 primis,
867 2692 1114 2757 factum
1144 2710 1296 2755 esse
1321 2691 1596 2756 scimus.
1687 2691 1764 2756 Si
1806 2692 2011 2757 lectio
2056 2693 2379 2758 librorum
2422 2692 2611 2757 Flori
2648 2711 2781 2760 non

581 2793 941 2876 plurimum
970 2789 1327 2872 profuisset
1349 2807 1614 2871 semper
1641 2791 1907 2870 multis;
1945 2809 2103 2856 num
2129 2799 2465 2875 putemus,
2492 2812 2611 2856 eos
2642 2799 2778 2858 tam

581 2912 772 2978 saepe
797 2897 865 2956 et
889 2889 1156 2954 calamo
1183 2894 1250 2954 et
1273 2887 1576 2964 formulis
1604 2889 1977 2974 descriptos
2003 2891 2233 2970 fuisse,
2260 2897 2327 2956 et
2351 2892 2619 2976 quidem
2644 2913 2779 2960 non

581 3013 737 3071 uno,
767 3011 1000 3057 verum
1029 2990 1336 3057 omnibus
1375 2992 1668 3070 saeculis,
1696 3011 1829 3057 non
1870 2992 1943 3056 in
1992 3013 2145 3072 una,
2190 2993 2311 3060 sed
2354 2995 2427 3059 in
2469 2994 2779 3090 omnibus

581 3094 974 3162 civitatibus
998 3093 1502 3159 humanioribus
1518 3096 1550 3159 'l
1593 3101 1671 3160 ut
1696 3094 1803 3159 vel
1844 3114 1939 3159 ex
1978 3093 2113 3161 hoc
2154 3099 2498 3180 appareat,
2528 3095 2779 3161 utilita-

581 3203 724 3260 tem
752 3195 1045 3260 historiae
1105 3193 1292 3259 Flori
1345 3196 1515 3262 satis
1561 3202 1988 3281 perspectam
2034 3197 2403 3263 existimari
2462 3204 2528 3262 et
2577 3198 2776 3281 quasi

581 3297 720 3380 igni
749 3299 1116 3382 spectatam
1147 3295 1410 3362 debere.
1499 3295 1685 3362 Nam
1714 3302 1785 3363 et
1825 3299 1987 3363 mali
2029 3299 2435 3383 inutilesque
2460 3299 2619 3365 libri
2644 3317 2777 3364 non

581 3416 762 3478 raro,
790 3398 1035 3463 nostris
1059 3397 1352 3463 maxime
1380 3399 1813 3482 temporibus,
1844 3399 2065 3464 solent
2088 3400 2372 3465 describi
2400 3401 2777 3485 saepissime

583 3497 837 3582 ingenti
879 3499 1354 3584 exemplarium
1403 3519 1716 3566 numero-z
1762 3501 1876 3566 sed
1938 3500 2012 3567 id
2064 3501 2141 3568 fit
2195 3502 2331 3566 fere
2380 3502 2450 3566 in
2492 3501 2775 3584 singulis

585 3600 997 3679 civitatibus,
1047 3602 1251 3668 etiam
1307 3602 1378 3666 in
1429 3601 1709 3685 singulis
1757 3620 2231 3684 nonnunquam
2287 3602 2608 3680 urbibus;
2651 3619 2775 3666 nec

573 3706 990 3792 constanter,
1019 3721 1172 3767 cum
1199 3703 1352 3768 libri
1377 3702 1552 3769 tales
1575 3711 1737 3787 post
1779 3704 2015 3786 viginti
2041 3703 2177 3767 fere
2210 3702 2319 3767 vel
2360 3703 2623 3784 triginta
2664 3721 2776 3768 an-

579 3821 706 3866 nos
733 3807 1232 3868 contemnantur
1272 3806 1360 3868 ab
1389 3804 1722 3883 omnibus,
1763 3811 1837 3869 et
1876 3803 2303 3887 abjiciantur,
2348 3823 2559 3888 neque
2598 3804 2776 3870 lectu

574 3903 762 3988 digni
786 3923 830 3968 a
856 3922 1202 3989 quoquam
1230 3891 1573 3970 ducantur,

669 4005 810 4070 Sed
838 4006 1004 4088 quia
1038 4023 1283 4088 magna
1309 4004 1637 4072 doctrinae
1680 4005 1974 4071 liberalis
2010 4026 2168 4090 pars
2208 4026 2379 4072 nunc
2404 4007 2679 4091 quidem
2708 4010 2777 4074 in

581 4104 817 4169 notitia
844 4107 1164 4171 librorum
1192 4125 1342 4171 cum
1369 4126 1592 4186 manu,
1609 4114 1756 4171 tum
1780 4107 2129 4186 machinis,
2152 4108 2623 4193 descriptorum
2650 4126 2773 4194 po-

579 4203 775 4281 nitur,
819 4212 894 4271 ut
932 4206 1302 4274 discernere
1342 4207 1560 4274 malos
1603 4227 1648 4272 a
1688 4207 1909 4286 bonis,
1952 4213 2299 4293 corruptos
2340 4210 2428 4276 ab
2478 4209 2770 4295 integris,
