3234 4909
743 993 934 1084 DE
1011 935 1478 1090 FLoRo
1561 998 2445 1120 TESTIMONTA.

1078 1523 1317 1588 Justus
1347 1521 1621 1608 Lipsius
1649 1521 1939 1590 Elector.
1970 1543 2048 1590 11.
2080 1529 2145 1591 5.

585 1673 840 1738 Lucius
881 1671 1182 1742 Auuaeus
1227 1676 1491 1754 FloruS,
1515 1677 1641 1755 (ita
1680 1677 1853 1742 enim
1896 1676 2249 1760 indigitare
2278 1695 2429 1740 cum
2467 1676 2707 1759 priscis

496 1773 686 1839 libris
713 1777 941 1841 malim
959 1797 1160 1862 quam
1182 1777 1230 1842 J
1233 1777 1438 1842 ulium
1461 1797 1480 1858 ς
1525 1778 1847 1860 quoniam
1878 1778 2199 1862 Hispana
2216 1775 2429 1842 fnisse
2456 1777 2709 1860 origine

497 1875 771 1958 colligo,
803 1883 892 1957 et,
920 1881 990 1944 ni
1010 1879 1228 1958 fallor,
1258 1900 1348 1945 ex
1375 1880 1528 1964 ipsa
1559 1880 1965 1946 Senecamm
1994 1885 2187 1964 gente
2207 1877 2259 1963 z)
2300 1879 2385 1958 is,
2404 1880 2704 1963 inquam,
2824 1891 2835 1896 “

495 1975 742 2044 Florus
789 1981 1262 2067 compendium
1307 2001 1444 2046 non
1493 1988 1635 2046 tam
1666 1981 1867 2060 Livii,
1900 2001 1945 2046 a
1972 2001 2109 2066 quo
2150 1999 2341 2065 saepe
2370 1979 2713 2058 dissentit,

491 2097 696 2160 quam
737 2101 955 2146 rerum
994 2081 1467 2158 Romanarum,
1509 2083 1830 2166 scripsit:
1876 2083 2129 2167 siquid
2158 2083 2291 2146 mei
2311 2081 2551 2166 judicii
2580 2087 2709 2158 est,

480 2183 888 2264 composite,
915 2183 1186 2262 diserte,
1214 2181 1562 2266 eleganter.
1652 2184 1999 2249 Subtilitas
2024 2184 2298 2266 quidem
2317 2189 2387 2248 et
2410 2183 2707 2248 brevitas

489 2280 564 2342 in
591 2299 678 2343 eo
725 2301 912 2364 saepe
956 2283 1153 2361 mira3
1215 2286 1284 2346 et
1327 2283 1797 2348 sententiarum
1834 2282 2147 2368 quaedam
2174 2285 2525 2369 gemmulas
2552 2303 2708 2350 cum

483 2381 754 2464 judicio
783 2383 1052 2448 insertae
1085 2388 1152 2448 et
1177 2383 1478 2448 veritate.

532 2629 688 2695 Joh.
715 2631 1001 2697 Isaacus
1029 2635 1384 2699 Pontanus
1411 2637 1483 2698 in
1511 2635 1829 2700 Oratione
1859 2636 2226 2720 Isagogica
2253 2637 2339 2700 ad
2372 2635 2663 2701 Florum.

578 2799 660 2864 L.
689 2795 1022 2864 Annaeum
1053 2797 1324 2861 Florum
1354 2795 1835 2864 volaterranus
1864 2798 1912 2863 J
1914 2797 2124 2862 ulium
2162 2797 2429 2862 Florum
2456 2797 2707 2863 Secun-

487 2902 652 2966 dum
690 2899 926 2964 maluit
950 2899 1321 2963 nominare:
1369 2899 1547 2983 quod
1575 2899 1987 2965 existimaret
2012 2899 2191 2964 hunc
2226 2917 2379 2964 esse
2407 2919 2561 2966 eum
2590 2901 2711 2966 Se-

488 3002 804 3080 cundum,
833 3001 1027 3085 cujus
1065 3001 1280 3066 amice
1325 3001 1628 3066 meminit
1658 3000 1915 3066 Fabius
1942 2999 2431 3080 Quintilianus,
2480 3003 2600 3086 qui
2640 3010 2711 3070 et

483 3103 906 3180 familiariter
929 3121 974 3166 a
993 3121 1068 3167 se
1087 3107 1388 3166 amatum
1405 3121 1558 3167 eum
1579 3103 1788 3181 addit,
1815 3104 2025 3168 virum
2044 3109 2119 3167 ut
2133 3103 2319 3168 mirffl
2345 3103 2703 3185 facundiae,

485 3207 586 3272 ita
629 3205 906 3271 infinitae
965 3223 1192 3269 curem
1254 3205 1302 3270 J
1307 3204 1427 3269 ulii
1467 3224 1839 3289 cognomen
1908 3225 1953 3271 a
2000 3211 2236 3290 patruo
2278 3204 2324 3269 J
2326 3205 2465 3270 ulio
2504 3205 2707 3271 Floro

488 3307 852 3373 retinuisse
893 3306 1074 3372 idem
1105 3305 1419 3392 conjicit:
1463 3307 1661 3391 cujus
1691 3326 1957 3392 quoque
1987 3305 2444 3386 Quintilianus
2470 3309 2706 3372 menti-

489 3429 686 3474 onem
713 3407 902 3487 facit,
949 3409 1118 3473 inter
1142 3428 1402 3494 paucos
1450 3409 1772 3475 disertum
1800 3429 1954 3474 eum
1998 3407 2216 3473 fuisse
2240 3407 2575 3487 indicans,
2604 3414 2707 3474 ut-

489 3515 648 3595 pote
671 3511 744 3574 in
772 3510 1180 3595 eloquentia,
1211 3531 1414 3594 quam
1441 3513 1514 3576 in
1529 3510 1779 3577 Galliis
1819 3513 1945 3577 sub
1972 3521 2343 3577 extremum
2371 3512 2704 3586 exercuit,

491 3611 866 3678 Galliarum
894 3613 1288 3697 principem.
1379 3611 1602 3692 Quam
1646 3614 1734 3678 de
1777 3613 1981 3679 Floro
2008 3613 2414 3698 opinionem,
2446 3613 2507 3677 si
2535 3613 2706 3677 Tra-

481 3716 628 3800 jani
670 3732 915 3793 aevum,
959 3735 1098 3800 quo
1149 3716 1388 3782 claruit
1429 3721 1504 3780 et
1554 3715 2015 3796 Quintilianus
2060 3707 2129 3780 et
2177 3715 2421 3781 Florus
2462 3720 2702 3792 noster,

490 3817 911 3903 respicimus,
964 3831 1103 3883 non
1160 3819 1285 3882 abs
1339 3837 1412 3882 re
1463 3819 1846 3904 conjecisse
1904 3817 2391 3884 Volaterranus
2450 3817 2701 3881 censeri

487 3927 732 4006 potest.
822 3919 982 3985 Nisi
1011 3919 1196 4006 quod
1224 3919 1362 3984 duo
1391 3915 1659 3986 obstare
1688 3920 2050 3987 videantur.
2138 3917 2341 3985 Prius
2384 3923 2506 3994 est,
2554 3917 2703 4001 ipse
2798 3961 2809 3976 .

488 4019 977 4100 Quintilianus,
1001 4023 1118 4108 qui
1145 4041 1280 4088 non
1309 4028 1387 4088 ut
1410 4023 1805 4090 historicum
1830 4029 1953 4088 aut
1972 4023 2147 4088 inter
2172 4018 2554 4097 historicos,
2580 4019 2704 4086 sed

491 4131 568 4189 ut
593 4131 925 4191 oratorem
954 4131 1020 4190 et
1063 4126 1240 4190 inter
1264 4125 1665 4210 eloquentiae
1693 4126 1901 4191 laude
1930 4123 2233 4190 florentes
2262 4125 2609 4207 utrumque
2636 4129 2707 4191 et

490 4221 537 4288 J
541 4224 751 4294 ulium
807 4227 1192 4296 Secundum
1235 4234 1306 4295 et
1361 4235 1671 4314 patruum
1713 4228 1861 4313 ejus
1926 4225 2201 4294 Florum
2251 4223 2701 4293 concelebrat.
