<?xml version="1.0" encoding="UTF-8"?>
<!DOCTYPE html PUBLIC "-//W3C//DTD XHTML 1.0 Transitional//EN"
    "http://www.w3.org/TR/xhtml1/DTD/xhtml1-transitional.dtd">
<html xmlns="http://www.w3.org/1999/xhtml" xml:lang="en" lang="en">
 <head>
  <title>
</title>
<meta http-equiv="Content-Type" content="text/html;charset=utf-8" />
  <meta name='ocr-system' content='tesseract 3.04.00' />
  <meta name='ocr-capabilities' content='ocr_page ocr_carea ocr_par ocr_line ocrx_word'/>
</head>
<body>
  <div class='ocr_page' id='page_1' title='image "./lannaeifloriepi00unkngoog/lannaeifloriepi00unkngoog_0559.png"; bbox 0 0 3234 4909; ppageno 0'>
   <div class='ocr_carea' id='block_1_1' title="bbox 912 438 2201 504">
    <p class='ocr_par' dir='ltr' id='par_1_1' title="bbox 912 438 2201 504">
     <span class='ocr_line' id='line_1_1' title="bbox 912 438 2201 504; baseline 0.003 -7"><span class='ocrx_word' id='word_1_1' title='bbox 912 448 978 499; x_wconf 78' lang='grc' dir='ltr'>ι..</span> <span class='ocrx_word' id='word_1_2' title='bbox 1026 448 1286 499; x_wconf 69' lang='lat' dir='ltr'>Anum</span> <span class='ocrx_word' id='word_1_3' title='bbox 1335 446 1554 499; x_wconf 72' lang='lat' dir='ltr'>nom</span> <span class='ocrx_word' id='word_1_4' title='bbox 1609 452 1753 501; x_wconf 76' lang='lat' dir='ltr'>mn.</span> <span class='ocrx_word' id='word_1_5' title='bbox 1800 453 1847 501; x_wconf 90' lang='lat'>1.</span> <span class='ocrx_word' id='word_1_6' title='bbox 1892 454 2053 503; x_wconf 60' lang='lat' dir='ltr'>car.</span> <span class='ocrx_word' id='word_1_7' title='bbox 2098 438 2201 504; x_wconf 87' lang='grc'>16.</span> 
     </span>
    </p>
   </div>
   <div class='ocr_carea' id='block_1_2' title="bbox 400 590 1521 4290">
    <p class='ocr_par' dir='ltr' id='par_1_2' title="bbox 419 590 1521 1176">
     <span class='ocr_line' id='line_1_2' title="bbox 530 590 1521 658; baseline 0.002 -18"><span class='ocrx_word' id='word_1_8' title='bbox 530 590 850 655; x_wconf 70' lang='lat' dir='ltr'>Huumiisq&#39;us</span> <span class='ocrx_word' id='word_1_9' title='bbox 863 590 1054 656; x_wconf 68' lang='lat' dir='ltr'>hostiis]</span> <span class='ocrx_word' id='word_1_10' title='bbox 1087 590 1198 643; x_wconf 74' lang='lat' dir='ltr'>Has</span> <span class='ocrx_word' id='word_1_11' title='bbox 1213 592 1386 642; x_wconf 85' lang='lat' dir='ltr'>multis</span> <span class='ocrx_word' id='word_1_12' title='bbox 1409 592 1521 658; x_wconf 88' lang='lat' dir='ltr'>qui-</span> 
     </span>
     <span class='ocr_line' id='line_1_3' title="bbox 461 668 1521 733; baseline 0.003 -15"><span class='ocrx_word' id='word_1_13' title='bbox 461 668 581 719; x_wconf 84' lang='lat' dir='ltr'>dem</span> <span class='ocrx_word' id='word_1_14' title='bbox 603 671 842 733; x_wconf 73' lang='lat' dir='ltr'>gentibus</span> <span class='ocrx_word' id='word_1_15' title='bbox 855 672 908 721; x_wconf 88' lang='lat' dir='ltr'>in</span> <span class='ocrx_word' id='word_1_16' title='bbox 930 684 1026 720; x_wconf 86' lang='lat' dir='ltr'>usn</span> <span class='ocrx_word' id='word_1_17' title='bbox 1043 670 1224 732; x_wconf 82' lang='lat' dir='ltr'>fuisse,</span> <span class='ocrx_word' id='word_1_18' title='bbox 1249 678 1310 721; x_wconf 88' lang='lat' dir='ltr'>ut</span> <span class='ocrx_word' id='word_1_19' title='bbox 1328 684 1394 720; x_wconf 90' lang='lat' dir='ltr'>ue</span> <span class='ocrx_word' id='word_1_20' title='bbox 1414 672 1521 721; x_wconf 81' lang='lat' dir='ltr'>Ro·</span> 
     </span>
     <span class='ocr_line' id='line_1_4' title="bbox 419 745 1518 811; baseline 0.001 -18"><span class='ocrx_word' id='word_1_21' title='bbox 419 806 424 811; x_wconf 32' lang='grc'><strong>,</strong></span> <span class='ocrx_word' id='word_1_22' title='bbox 459 746 596 793; x_wconf 78' lang='lat' dir='ltr'>mani</span> <span class='ocrx_word' id='word_1_23' title='bbox 619 745 826 809; x_wconf 82' lang='lat' dir='ltr'>quidem</span> <span class='ocrx_word' id='word_1_24' title='bbox 849 745 1214 806; x_wconf 71' lang='lat' dir='ltr'><strong>abstinuerint,</strong></span> <span class='ocrx_word' id='word_1_25' title='bbox 1236 759 1336 795; x_wconf 87' lang='lat' dir='ltr'>uon</span> <span class='ocrx_word' id='word_1_26' title='bbox 1351 758 1518 810; x_wconf 67' lang='lat' dir='ltr'>negog</span> 
     </span>
     <span class='ocr_line' id='line_1_5' title="bbox 461 818 1519 884; baseline 0.002 -15"><span class='ocrx_word' id='word_1_27' title='bbox 461 818 528 869; x_wconf 84' lang='lat' dir='ltr'>de</span> <span class='ocrx_word' id='word_1_28' title='bbox 549 820 866 871; x_wconf 84' lang='lat' dir='ltr'>Samnitibus</span> <span class='ocrx_word' id='word_1_29' title='bbox 889 830 1062 871; x_wconf 77' lang='lat' dir='ltr'>autem</span> <span class='ocrx_word' id='word_1_30' title='bbox 1087 822 1324 884; x_wconf 81' lang='lat' dir='ltr'>nuspiam</span> <span class='ocrx_word' id='word_1_31' title='bbox 1345 836 1429 870; x_wconf 86' lang='lat' dir='ltr'>mc</span> <span class='ocrx_word' id='word_1_32' title='bbox 1447 822 1519 871; x_wconf 86' lang='lat' dir='ltr'>le-</span> 
     </span>
     <span class='ocr_line' id='line_1_6' title="bbox 460 896 1519 961; baseline 0.002 -16"><span class='ocrx_word' id='word_1_33' title='bbox 460 910 589 959; x_wconf 73' lang='lat' dir='ltr'>gere</span> <span class='ocrx_word' id='word_1_34' title='bbox 611 897 846 947; x_wconf 82' lang='lat' dir='ltr'>memini:</span> <span class='ocrx_word' id='word_1_35' title='bbox 881 898 1090 961; x_wconf 84' lang='lat' dir='ltr'>propius</span> <span class='ocrx_word' id='word_1_36' title='bbox 1107 897 1268 961; x_wconf 75' lang='lat' dir='ltr'>igitur</span> <span class='ocrx_word' id='word_1_37' title='bbox 1285 910 1410 947; x_wconf 80' lang='lat' dir='ltr'>vero</span> <span class='ocrx_word' id='word_1_38' title='bbox 1433 896 1519 959; x_wconf 82' lang='lat' dir='ltr'>sit,</span> 
     </span>
     <span class='ocr_line' id='line_1_7' title="bbox 456 972 1519 1037; baseline 0.002 -18"><span class='ocrx_word' id='word_1_39' title='bbox 456 972 750 1036; x_wconf 70' lang='lat' dir='ltr'>intelligere</span> <span class='ocrx_word' id='word_1_40' title='bbox 791 974 996 1023; x_wconf 82' lang='lat' dir='ltr'>Florum</span> <span class='ocrx_word' id='word_1_41' title='bbox 1033 987 1142 1034; x_wconf 85' lang='lat' dir='ltr'>eos,</span> <span class='ocrx_word' id='word_1_42' title='bbox 1183 973 1271 1037; x_wconf 87' lang='lat' dir='ltr'>qui</span> <span class='ocrx_word' id='word_1_43' title='bbox 1306 979 1519 1037; x_wconf 84' lang='lat' dir='ltr'>propter</span> 
     </span>
     <span class='ocr_line' id='line_1_8' title="bbox 459 1048 1517 1114; baseline 0.003 -18"><span class='ocrx_word' id='word_1_44' title='bbox 459 1048 644 1097; x_wconf 78' lang='lat' dir='ltr'>altaria</span> <span class='ocrx_word' id='word_1_45' title='bbox 664 1049 788 1099; x_wconf 66' lang='lat' dir='ltr'>cresi</span> <span class='ocrx_word' id='word_1_46' title='bbox 806 1049 1079 1113; x_wconf 85' lang='lat' dir='ltr'>jacebant,</span> <span class='ocrx_word' id='word_1_47' title='bbox 1099 1063 1164 1099; x_wconf 84' lang='lat' dir='ltr'>eo</span> <span class='ocrx_word' id='word_1_48' title='bbox 1195 1050 1332 1114; x_wconf 86' lang='lat' dir='ltr'>quod</span> <span class='ocrx_word' id='word_1_49' title='bbox 1348 1048 1517 1113; x_wconf 83' lang='lat' dir='ltr'>jusju-</span> 
     </span>
     <span class='ocr_line' id='line_1_9' title="bbox 459 1124 1130 1176; baseline 0.004 -4"><span class='ocrx_word' id='word_1_50' title='bbox 459 1124 676 1173; x_wconf 84' lang='lat' dir='ltr'>randum</span> <span class='ocrx_word' id='word_1_51' title='bbox 699 1126 1007 1175; x_wconf 80' lang='lat' dir='ltr'>abnuerant.</span> <span class='ocrx_word' id='word_1_52' title='bbox 1044 1126 1130 1176; x_wconf 79' lang='lat' dir='ltr'>Fr.</span> 
     </span>
    </p>

    <p class='ocr_par' dir='ltr' id='par_1_3' title="bbox 433 1198 1516 3526">
     <span class='ocr_line' id='line_1_10' title="bbox 521 1198 1516 1266; baseline 0.002 -17"><span class='ocrx_word' id='word_1_53' title='bbox 521 1198 584 1249; x_wconf 77' lang='lat' dir='ltr'>Si</span> <span class='ocrx_word' id='word_1_54' title='bbox 607 1202 939 1262; x_wconf 66' lang='lat' dir='ltr'>pertinacium,</span> <span class='ocrx_word' id='word_1_55' title='bbox 957 1201 1114 1250; x_wconf 67' lang='lat' dir='ltr'>sexies</span> <span class='ocrx_word' id='word_1_56' title='bbox 1145 1206 1285 1264; x_wconf 76' lang='lat' dir='ltr'>rapto</span> <span class='ocrx_word' id='word_1_57' title='bbox 1310 1200 1516 1266; x_wconf 69' lang='lat' dir='ltr'>federe]</span> 
     </span>
     <span class='ocr_line' id='line_1_11' title="bbox 453 1274 1514 1339; baseline 0.002 -16"><span class='ocrx_word' id='word_1_58' title='bbox 453 1274 630 1324; x_wconf 80' lang='lat' dir='ltr'>Toties</span> <span class='ocrx_word' id='word_1_59' title='bbox 677 1277 880 1339; x_wconf 85' lang='lat' dir='ltr'>rupisse</span> <span class='ocrx_word' id='word_1_60' title='bbox 917 1275 1084 1326; x_wconf 76' lang='lat' dir='ltr'>foedus</span> <span class='ocrx_word' id='word_1_61' title='bbox 1128 1278 1407 1339; x_wconf 73' lang='lat' dir='ltr'><strong>Samnites,</strong></span> <span class='ocrx_word' id='word_1_62' title='bbox 1446 1290 1514 1326; x_wconf 85' lang='lat' dir='ltr'>ex</span> 
     </span>
     <span class='ocr_line' id='line_1_12' title="bbox 456 1348 1516 1413; baseline 0 -14"><span class='ocrx_word' id='word_1_63' title='bbox 456 1348 620 1412; x_wconf 78' lang='lat' dir='ltr'>Livio,</span> <span class='ocrx_word' id='word_1_64' title='bbox 659 1355 740 1400; x_wconf 98' lang='grc'>10.</span> <span class='ocrx_word' id='word_1_65' title='bbox 775 1356 862 1413; x_wconf 74' lang='grc'>81,</span> <span class='ocrx_word' id='word_1_66' title='bbox 899 1356 982 1401; x_wconf 75' lang='lat'>12.</span> <span class='ocrx_word' id='word_1_67' title='bbox 1021 1350 1230 1413; x_wconf 81' lang='lat' dir='ltr'>colligo.</span> <span class='ocrx_word' id='word_1_68' title='bbox 1314 1349 1516 1400; x_wconf 80' lang='lat' dir='ltr'>Auctor</span> 
     </span>
     <span class='ocr_line' id='line_1_13' title="bbox 453 1424 1516 1488; baseline 0.002 -14"><span class='ocrx_word' id='word_1_69' title='bbox 453 1424 598 1487; x_wconf 86' lang='lat' dir='ltr'>Epit.</span> <span class='ocrx_word' id='word_1_70' title='bbox 621 1426 775 1488; x_wconf 80' lang='lat' dir='ltr'>Livii,</span> <span class='ocrx_word' id='word_1_71' title='bbox 789 1426 880 1475; x_wconf 87' lang='lat' dir='ltr'>lib.</span> <span class='ocrx_word' id='word_1_72' title='bbox 896 1440 976 1476; x_wconf 72' lang='grc' dir='ltr'>ιι.</span> <span class='ocrx_word' id='word_1_73' title='bbox 999 1426 1052 1475; x_wconf 90' lang='lat' dir='ltr'>in</span> <span class='ocrx_word' id='word_1_74' title='bbox 1070 1426 1342 1475; x_wconf 84' lang='lat' dir='ltr'>consulatu</span> <span class='ocrx_word' id='word_1_75' title='bbox 1367 1425 1516 1477; x_wconf 82' lang='lat' dir='ltr'>Fabii</span> 
     </span>
     <span class='ocr_line' id='line_1_14' title="bbox 456 1499 1513 1564; baseline 0.002 -15"><span class='ocrx_word' id='word_1_76' title='bbox 456 1499 708 1563; x_wconf 81' lang='lat' dir='ltr'>Gurgitis,</span> <span class='ocrx_word' id='word_1_77' title='bbox 731 1501 817 1564; x_wconf 85' lang='lat' dir='ltr'>qni</span> <span class='ocrx_word' id='word_1_78' title='bbox 841 1500 907 1549; x_wconf 85' lang='lat' dir='ltr'>de</span> <span class='ocrx_word' id='word_1_79' title='bbox 919 1502 998 1549; x_wconf 80' lang='lat' dir='ltr'>his</span> <span class='ocrx_word' id='word_1_80' title='bbox 1019 1500 1373 1564; x_wconf 80' lang='lat' dir='ltr'>triumphavit,</span> <span class='ocrx_word' id='word_1_81' title='bbox 1390 1501 1513 1551; x_wconf 78' lang='lat' dir='ltr'>scri-</span> 
     </span>
     <span class='ocr_line' id='line_1_15' title="bbox 453 1572 1513 1643; baseline 0.006 -20"><span class='ocrx_word' id='word_1_82' title='bbox 453 1572 554 1637; x_wconf 89' lang='lat' dir='ltr'>bit,</span> <span class='ocrx_word' id='word_1_83' title='bbox 583 1574 598 1602; x_wconf 80' lang='lat'><em>⁶</em></span> <span class='ocrx_word' id='word_1_84' title='bbox 619 1589 734 1623; x_wconf 87' lang='lat' dir='ltr'>cum</span> <span class='ocrx_word' id='word_1_85' title='bbox 753 1576 1070 1625; x_wconf 78' lang='lat' dir='ltr'>Samnitibus</span> <span class='ocrx_word' id='word_1_86' title='bbox 1089 1591 1270 1639; x_wconf 85' lang='lat' dir='ltr'>pacem</span> <span class='ocrx_word' id='word_1_87' title='bbox 1289 1578 1513 1643; x_wconf 82' lang='lat' dir='ltr'>petenti·</span> 
     </span>
     <span class='ocr_line' id='line_1_16' title="bbox 454 1647 1513 1713; baseline 0.005 -16"><span class='ocrx_word' id='word_1_88' title='bbox 454 1648 551 1698; x_wconf 87' lang='lat' dir='ltr'>bus</span> <span class='ocrx_word' id='word_1_89' title='bbox 587 1647 756 1699; x_wconf 82' lang='lat' dir='ltr'>foedus</span> <span class='ocrx_word' id='word_1_90' title='bbox 795 1657 978 1713; x_wconf 83' lang='lat' dir='ltr'>quarto</span> <span class='ocrx_word' id='word_1_91' title='bbox 1017 1658 1321 1703; x_wconf 79' lang='lat' dir='ltr'>renovatum</span> <span class='ocrx_word' id='word_1_92' title='bbox 1361 1650 1513 1702; x_wconf 67' lang='lat' dir='ltr'>esse!</span> 
     </span>
     <span class='ocr_line' id='line_1_17' title="bbox 452 1723 1514 1791; baseline 0.005 -19"><span class='ocrx_word' id='word_1_93' title='bbox 452 1723 687 1773; x_wconf 78' lang='lat' dir='ltr'>Notatur</span> <span class='ocrx_word' id='word_1_94' title='bbox 707 1724 918 1789; x_wconf 78' lang='lat' dir='ltr'><strong>ibidem,</strong></span> <span class='ocrx_word' id='word_1_95' title='bbox 951 1729 1217 1791; x_wconf 80' lang='lat' dir='ltr'>sequentis</span> <span class='ocrx_word' id='word_1_96' title='bbox 1251 1727 1372 1777; x_wconf 83' lang='lat' dir='ltr'>anui</span> <span class='ocrx_word' id='word_1_97' title='bbox 1393 1742 1514 1777; x_wconf 86' lang='lat' dir='ltr'>cou-</span> 
     </span>
     <span class='ocr_line' id='line_1_18' title="bbox 451 1799 1512 1853; baseline 0.003 -4"><span class='ocrx_word' id='word_1_98' title='bbox 451 1799 616 1849; x_wconf 82' lang='lat' dir='ltr'>sulem</span> <span class='ocrx_word' id='word_1_99' title='bbox 639 1800 850 1850; x_wconf 84' lang='lat' dir='ltr'>Curium</span> <span class='ocrx_word' id='word_1_100' title='bbox 888 1802 1176 1852; x_wconf 75' lang='lat' dir='ltr'><strong>Dentatum</strong></span> <span class='ocrx_word' id='word_1_101' title='bbox 1216 1802 1294 1852; x_wconf 82' lang='lat' dir='ltr'>bis</span> <span class='ocrx_word' id='word_1_102' title='bbox 1331 1804 1512 1853; x_wconf 85' lang='lat' dir='ltr'>trium·-</span> 
     </span>
     <span class='ocr_line' id='line_1_19' title="bbox 451 1872 1510 1940; baseline 0.006 -18"><span class='ocrx_word' id='word_1_103' title='bbox 451 1872 638 1935; x_wconf 82' lang='lat' dir='ltr'>pbasse</span> <span class='ocrx_word' id='word_1_104' title='bbox 676 1875 729 1925; x_wconf 86' lang='lat' dir='ltr'>iu</span> <span class='ocrx_word' id='word_1_105' title='bbox 769 1876 949 1925; x_wconf 86' lang='lat' dir='ltr'>eodem</span> <span class='ocrx_word' id='word_1_106' title='bbox 981 1877 1302 1940; x_wconf 72' lang='lat' dir='ltr'>magistratu,</span> <span class='ocrx_word' id='word_1_107' title='bbox 1333 1878 1350 1907; x_wconf 88' lang='lat'>‘</span> <span class='ocrx_word' id='word_1_108' title='bbox 1367 1878 1510 1929; x_wconf 81' lang='lat' dir='ltr'>Saru-</span> 
     </span>
     <span class='ocr_line' id='line_1_20' title="bbox 449 1948 1508 2016; baseline 0.008 -18"><span class='ocrx_word' id='word_1_109' title='bbox 449 1948 646 1999; x_wconf 82' lang='lat' dir='ltr'>nitibus</span> <span class='ocrx_word' id='word_1_110' title='bbox 669 1950 831 2013; x_wconf 74' lang='lat' dir='ltr'>caesis,</span> <span class='ocrx_word' id='word_1_111' title='bbox 851 1956 910 2001; x_wconf 89' lang='lat' dir='ltr'>et</span> <span class='ocrx_word' id='word_1_112' title='bbox 927 1952 1147 2015; x_wconf 83' lang='lat' dir='ltr'>Sabinis,</span> <span class='ocrx_word' id='word_1_113' title='bbox 1169 1952 1258 2016; x_wconf 88' lang='lat' dir='ltr'>qui</span> <span class='ocrx_word' id='word_1_114' title='bbox 1291 1952 1508 2007; x_wconf 84' lang='lat' dir='ltr'>rebella·</span> 
     </span>
     <span class='ocr_line' id='line_1_21' title="bbox 449 2024 1509 2095; baseline 0.005 -21"><span class='ocrx_word' id='word_1_115' title='bbox 449 2024 672 2075; x_wconf 58' lang='lat' dir='ltr'>verant?</span> <span class='ocrx_word' id='word_1_116' title='bbox 717 2028 803 2077; x_wconf 83' lang='lat' dir='ltr'>Sic</span> <span class='ocrx_word' id='word_1_117' title='bbox 829 2035 936 2077; x_wconf 85' lang='lat' dir='ltr'>tum</span> <span class='ocrx_word' id='word_1_118' title='bbox 959 2026 1227 2094; x_wconf 82' lang='lat' dir='ltr'>quiuquies</span> <span class='ocrx_word' id='word_1_119' title='bbox 1247 2027 1509 2095; x_wconf 71' lang='lat' dir='ltr'>foedifragi</span> 
     </span>
     <span class='ocr_line' id='line_1_22' title="bbox 451 2098 1508 2169; baseline 0.006 -20"><span class='ocrx_word' id='word_1_120' title='bbox 451 2098 720 2151; x_wconf 82' lang='lat' dir='ltr'>Samnites.</span> <span class='ocrx_word' id='word_1_121' title='bbox 795 2102 870 2151; x_wconf 87' lang='lat' dir='ltr'>Et</span> <span class='ocrx_word' id='word_1_122' title='bbox 911 2101 1119 2152; x_wconf 81' lang='lat' dir='ltr'>videtur</span> <span class='ocrx_word' id='word_1_123' title='bbox 1157 2110 1266 2153; x_wconf 84' lang='lat' dir='ltr'>tum</span> <span class='ocrx_word' id='word_1_124' title='bbox 1307 2118 1508 2169; x_wconf 84' lang='lat' dir='ltr'>quoque</span> 
     </span>
     <span class='ocr_line' id='line_1_23' title="bbox 449 2174 1507 2244; baseline 0.004 -18"><span class='ocrx_word' id='word_1_125' title='bbox 449 2174 618 2227; x_wconf 71' lang='lat' dir='ltr'>feodus</span> <span class='ocrx_word' id='word_1_126' title='bbox 643 2192 760 2227; x_wconf 83' lang='lat' dir='ltr'>cum</span> <span class='ocrx_word' id='word_1_127' title='bbox 781 2178 860 2227; x_wconf 84' lang='lat' dir='ltr'>bis</span> <span class='ocrx_word' id='word_1_128' title='bbox 877 2177 1238 2241; x_wconf 84' lang='lat' dir='ltr'>instauratum,</span> <span class='ocrx_word' id='word_1_129' title='bbox 1261 2178 1398 2244; x_wconf 85' lang='lat' dir='ltr'>quod</span> <span class='ocrx_word' id='word_1_130' title='bbox 1432 2187 1507 2231; x_wconf 85' lang='lat' dir='ltr'>ta·-</span> 
     </span>
     <span class='ocr_line' id='line_1_24' title="bbox 447 2252 1506 2318; baseline 0.001 -15"><span class='ocrx_word' id='word_1_131' title='bbox 447 2264 570 2303; x_wconf 79' lang='lat' dir='ltr'>meu</span> <span class='ocrx_word' id='word_1_132' title='bbox 606 2266 726 2303; x_wconf 79' lang='lat' dir='ltr'>mox</span> <span class='ocrx_word' id='word_1_133' title='bbox 761 2252 1100 2318; x_wconf 69' lang='lat' dir='ltr'>infregerunt.</span> <span class='ocrx_word' id='word_1_134' title='bbox 1167 2254 1304 2303; x_wconf 83' lang='lat' dir='ltr'>Nam</span> <span class='ocrx_word' id='word_1_135' title='bbox 1337 2255 1390 2303; x_wconf 86' lang='lat' dir='ltr'>iu</span> <span class='ocrx_word' id='word_1_136' title='bbox 1425 2268 1506 2305; x_wconf 84' lang='lat' dir='ltr'>se·</span> 
     </span>
     <span class='ocr_line' id='line_1_25' title="bbox 447 2328 1506 2394; baseline 0.002 -15"><span class='ocrx_word' id='word_1_137' title='bbox 447 2328 630 2394; x_wconf 77' lang='lat' dir='ltr'>quenti</span> <span class='ocrx_word' id='word_1_138' title='bbox 673 2328 916 2393; x_wconf 76' lang='lat' dir='ltr'>Epitoiue</span> <span class='ocrx_word' id='word_1_139' title='bbox 957 2329 1204 2393; x_wconf 82' lang='lat' dir='ltr'>traditur,</span> <span class='ocrx_word' id='word_1_140' title='bbox 1243 2331 1506 2381; x_wconf 77' lang='lat' dir='ltr'>Samnites</span> 
     </span>
     <span class='ocr_line' id='line_1_26' title="bbox 445 2403 1506 2465; baseline 0.003 -10"><span class='ocrx_word' id='word_1_141' title='bbox 445 2403 721 2465; x_wconf 82' lang='lat' dir='ltr'>defecisse,</span> <span class='ocrx_word' id='word_1_142' title='bbox 743 2412 798 2455; x_wconf 81' lang='lat' dir='ltr'>et</span> <span class='ocrx_word' id='word_1_143' title='bbox 833 2405 1081 2457; x_wconf 77' lang='lat' dir='ltr'>adversus</span> <span class='ocrx_word' id='word_1_144' title='bbox 1118 2420 1208 2457; x_wconf 85' lang='lat' dir='ltr'>eos</span> <span class='ocrx_word' id='word_1_145' title='bbox 1245 2420 1310 2457; x_wconf 86' lang='lat' dir='ltr'>ac</span> <span class='ocrx_word' id='word_1_146' title='bbox 1341 2408 1506 2458; x_wconf 82' lang='lat' dir='ltr'>Luca·</span> 
     </span>
     <span class='ocr_line' id='line_1_27' title="bbox 441 2479 1504 2548; baseline 0.005 -19"><span class='ocrx_word' id='word_1_147' title='bbox 441 2492 558 2541; x_wconf 81' lang='lat' dir='ltr'>nos,</span> <span class='ocrx_word' id='word_1_148' title='bbox 597 2479 855 2543; x_wconf 85' lang='lat' dir='ltr'>Bruttios,</span> <span class='ocrx_word' id='word_1_149' title='bbox 899 2482 1264 2547; x_wconf 65' lang='lat' dir='ltr'>Etruscosque,</span> <span class='ocrx_word' id='word_1_150' title='bbox 1305 2482 1504 2548; x_wconf 86' lang='lat' dir='ltr'>aliquot</span> 
     </span>
     <span class='ocr_line' id='line_1_28' title="bbox 443 2556 1500 2621; baseline 0.002 -14"><span class='ocrx_word' id='word_1_151' title='bbox 443 2556 640 2621; x_wconf 66' lang='lat' dir='ltr'>preliis</span> <span class='ocrx_word' id='word_1_152' title='bbox 673 2572 706 2607; x_wconf 90' lang='lat' dir='ltr'>a</span> <span class='ocrx_word' id='word_1_153' title='bbox 727 2558 1077 2621; x_wconf 81' lang='lat' dir='ltr'>compluribus</span> <span class='ocrx_word' id='word_1_154' title='bbox 1113 2558 1330 2609; x_wconf 83' lang='lat' dir='ltr'>ducibus</span> <span class='ocrx_word' id='word_1_155' title='bbox 1368 2558 1500 2609; x_wconf 78' lang='lat' dir='ltr'>bene</span> 
     </span>
     <span class='ocr_line' id='line_1_29' title="bbox 443 2634 1500 2696; baseline 0.004 -13"><span class='ocrx_word' id='word_1_156' title='bbox 443 2639 750 2696; x_wconf 75' lang='lat' dir='ltr'>pugnatum.</span> <span class='ocrx_word' id='word_1_157' title='bbox 789 2634 924 2683; x_wconf 66' lang='lat' dir='ltr'>Hac</span> <span class='ocrx_word' id='word_1_158' title='bbox 945 2634 1172 2684; x_wconf 77' lang='lat' dir='ltr'>defectio</span> <span class='ocrx_word' id='word_1_159' title='bbox 1195 2634 1500 2687; x_wconf 78' lang='lat' dir='ltr'>Samnitium</span> 
     </span>
     <span class='ocr_line' id='line_1_30' title="bbox 447 2708 1501 2773; baseline 0.003 -16"><span class='ocrx_word' id='word_1_160' title='bbox 447 2720 544 2771; x_wconf 80' lang='lat' dir='ltr'>pro</span> <span class='ocrx_word' id='word_1_161' title='bbox 563 2716 716 2758; x_wconf 82' lang='lat' dir='ltr'>sexto</span> <span class='ocrx_word' id='word_1_162' title='bbox 731 2708 924 2759; x_wconf 79' lang='lat' dir='ltr'>t&#39;oedcre</span> <span class='ocrx_word' id='word_1_163' title='bbox 953 2708 1020 2759; x_wconf 89' lang='lat' dir='ltr'>ab</span> <span class='ocrx_word' id='word_1_164' title='bbox 1040 2709 1122 2759; x_wconf 80' lang='lat' dir='ltr'>bis</span> <span class='ocrx_word' id='word_1_165' title='bbox 1143 2717 1300 2773; x_wconf 90' lang='lat' dir='ltr'>rupto</span> <span class='ocrx_word' id='word_1_166' title='bbox 1323 2724 1501 2761; x_wconf 84' lang='lat' dir='ltr'>nume·</span> 
     </span>
     <span class='ocr_line' id='line_1_31' title="bbox 443 2781 1502 2850; baseline 0.005 -20"><span class='ocrx_word' id='word_1_167' title='bbox 443 2781 605 2831; x_wconf 81' lang='lat' dir='ltr'>rauda</span> <span class='ocrx_word' id='word_1_168' title='bbox 627 2783 788 2833; x_wconf 86' lang='lat' dir='ltr'>veuit.</span> <span class='ocrx_word' id='word_1_169' title='bbox 857 2784 994 2835; x_wconf 63' lang='lat' dir='ltr'>Dua</span> <span class='ocrx_word' id='word_1_170' title='bbox 1031 2784 1188 2834; x_wconf 79' lang='lat' dir='ltr'>etiam</span> <span class='ocrx_word' id='word_1_171' title='bbox 1221 2792 1502 2850; x_wconf 81' lang='lat' dir='ltr'>sequentes</span> 
     </span>
     <span class='ocr_line' id='line_1_32' title="bbox 442 2858 1498 2927; baseline 0.005 -19"><span class='ocrx_word' id='word_1_172' title='bbox 442 2858 702 2923; x_wconf 72' lang='lat' dir='ltr'>Epitomoe</span> <span class='ocrx_word' id='word_1_173' title='bbox 740 2862 1022 2911; x_wconf 78' lang='lat' dir='ltr'>meminere</span> <span class='ocrx_word' id='word_1_174' title='bbox 1055 2874 1222 2912; x_wconf 83' lang='lat' dir='ltr'>rerum</span> <span class='ocrx_word' id='word_1_175' title='bbox 1247 2876 1498 2927; x_wconf 78' lang='lat' dir='ltr'>prospere</span> 
     </span>
     <span class='ocr_line' id='line_1_33' title="bbox 439 2936 1498 2999; baseline 0.008 -14"><span class='ocrx_word' id='word_1_176' title='bbox 439 2943 700 2999; x_wconf 75' lang='lat' dir='ltr'>gestarum</span> <span class='ocrx_word' id='word_1_177' title='bbox 717 2944 900 2987; x_wconf 86' lang='lat' dir='ltr'>contra</span> <span class='ocrx_word' id='word_1_178' title='bbox 915 2936 1192 2987; x_wconf 80' lang='lat' dir='ltr'>Samnites.</span> <span class='ocrx_word' id='word_1_179' title='bbox 1215 2938 1318 2989; x_wconf 76' lang='lat' dir='ltr'>Sul.</span> <span class='ocrx_word' id='word_1_180' title='bbox 1385 2939 1498 2993; x_wconf 77' lang='lat' dir='ltr'>Liv-</span> 
     </span>
     <span class='ocr_line' id='line_1_34' title="bbox 442 3012 1498 3079; baseline 0.003 -18"><span class='ocrx_word' id='word_1_181' title='bbox 442 3016 524 3061; x_wconf 86' lang='grc'>10.</span> <span class='ocrx_word' id='word_1_182' title='bbox 545 3016 631 3075; x_wconf 77' lang='grc'>81,</span> <span class='ocrx_word' id='word_1_183' title='bbox 664 3018 742 3063; x_wconf 81' lang='lat'>12.</span> <span class='ocrx_word' id='word_1_184' title='bbox 774 3012 956 3063; x_wconf 79' lang='lat' dir='ltr'>‘Adeo</span> <span class='ocrx_word' id='word_1_185' title='bbox 987 3028 1054 3063; x_wconf 85' lang='lat' dir='ltr'>ne</span> <span class='ocrx_word' id='word_1_186' title='bbox 1077 3012 1358 3064; x_wconf 78' lang='lat' dir='ltr'>infeliciter</span> <span class='ocrx_word' id='word_1_187' title='bbox 1385 3014 1498 3079; x_wconf 87' lang='lat' dir='ltr'>qui-</span> 
     </span>
     <span class='ocr_line' id='line_1_35' title="bbox 439 3086 1498 3153; baseline 0.004 -16"><span class='ocrx_word' id='word_1_188' title='bbox 439 3086 559 3137; x_wconf 84' lang='lat' dir='ltr'>dem</span> <span class='ocrx_word' id='word_1_189' title='bbox 588 3087 819 3139; x_wconf 73' lang='lat' dir='ltr'>defensae</span> <span class='ocrx_word' id='word_1_190' title='bbox 853 3090 1114 3141; x_wconf 71' lang='lat' dir='ltr'>libertatis</span> <span class='ocrx_word' id='word_1_191' title='bbox 1146 3090 1411 3153; x_wconf 62' lang='lat' dir='ltr'>taidebat3</span> <span class='ocrx_word' id='word_1_192' title='bbox 1441 3096 1498 3141; x_wconf 82' lang='lat' dir='ltr'>ct</span> 
     </span>
     <span class='ocr_line' id='line_1_36' title="bbox 438 3163 1497 3227; baseline 0.004 -14"><span class='ocrx_word' id='word_1_193' title='bbox 438 3163 580 3213; x_wconf 75' lang='lat' dir='ltr'>vinci</span> <span class='ocrx_word' id='word_1_194' title='bbox 621 3178 776 3227; x_wconf 86' lang='lat' dir='ltr'>quam</span> <span class='ocrx_word' id='word_1_195' title='bbox 827 3176 930 3215; x_wconf 85' lang='lat' dir='ltr'>nou</span> <span class='ocrx_word' id='word_1_196' title='bbox 978 3172 1186 3216; x_wconf 83' lang='lat' dir='ltr'>tentare</span> <span class='ocrx_word' id='word_1_197' title='bbox 1225 3167 1497 3217; x_wconf 80' lang='lat' dir='ltr'>victoriam</span> 
     </span>
     <span class='ocr_line' id='line_1_37' title="bbox 437 3236 1496 3303; baseline 0.005 -16"><span class='ocrx_word' id='word_1_198' title='bbox 437 3236 704 3287; x_wconf 77' lang='lat' dir='ltr'>malebant</span> <span class='ocrx_word' id='word_1_199' title='bbox 720 3253 736 3286; x_wconf 73' lang='grc' dir='ltr'><em>ε</em></span> <span class='ocrx_word' id='word_1_200' title='bbox 771 3238 978 3302; x_wconf 82' lang='lat' dir='ltr'>quinam</span> <span class='ocrx_word' id='word_1_201' title='bbox 999 3238 1068 3288; x_wconf 83' lang='lat' dir='ltr'>sit</span> <span class='ocrx_word' id='word_1_202' title='bbox 1089 3239 1198 3299; x_wconf 86' lang='lat' dir='ltr'>ille,</span> <span class='ocrx_word' id='word_1_203' title='bbox 1219 3253 1371 3303; x_wconf 77' lang='lat' dir='ltr'>quem</span> <span class='ocrx_word' id='word_1_204' title='bbox 1394 3255 1496 3292; x_wconf 84' lang='lat' dir='ltr'>uon</span> 
     </span>
     <span class='ocr_line' id='line_1_38' title="bbox 437 3311 1498 3377; baseline 0.006 -18"><span class='ocrx_word' id='word_1_205' title='bbox 437 3311 620 3375; x_wconf 73' lang='lat' dir='ltr'>pigeat</span> <span class='ocrx_word' id='word_1_206' title='bbox 656 3311 1042 3377; x_wconf 72' lang='lat' dir='ltr'>longinquitatis</span> <span class='ocrx_word' id='word_1_207' title='bbox 1079 3311 1330 3363; x_wconf 78' lang='lat' dir='ltr'>bellorum</span> <span class='ocrx_word' id='word_1_208' title='bbox 1371 3316 1498 3365; x_wconf 79' lang='lat' dir='ltr'>acri-</span> 
     </span>
     <span class='ocr_line' id='line_1_39' title="bbox 437 3385 1496 3453; baseline 0.002 -16"><span class='ocrx_word' id='word_1_209' title='bbox 437 3385 610 3437; x_wconf 74' lang='lat' dir='ltr'>bcudo</span> <span class='ocrx_word' id='word_1_210' title='bbox 629 3387 969 3452; x_wconf 73' lang='lat' dir='ltr'>legendoque,</span> <span class='ocrx_word' id='word_1_211' title='bbox 989 3400 1108 3453; x_wconf 66' lang='lat' dir='ltr'>quie</span> <span class='ocrx_word' id='word_1_212' title='bbox 1130 3394 1372 3453; x_wconf 71' lang='lat' dir='ltr'>gerentes</span> <span class='ocrx_word' id='word_1_213' title='bbox 1392 3404 1496 3439; x_wconf 85' lang='lat' dir='ltr'>non</span> 
     </span>
     <span class='ocr_line' id='line_1_40' title="bbox 433 3460 966 3526; baseline 0.004 -15"><span class='ocrx_word' id='word_1_214' title='bbox 433 3460 790 3526; x_wconf 73' lang='lat' dir='ltr'>fatigaverunt</span> <span class='ocrx_word' id='word_1_215' title='bbox 805 3462 842 3512; x_wconf 66' lang='grc' dir='ltr'><strong><em>Ρ</em></strong></span> <span class='ocrx_word' id='word_1_216' title='bbox 883 3463 966 3513; x_wconf 71' lang='lat' dir='ltr'>nr.</span> 
     </span>
    </p>

    <p class='ocr_par' dir='ltr' id='par_1_4' title="bbox 497 3538 1450 3603">
     <span class='ocr_line' id='line_1_41' title="bbox 497 3538 1450 3603; baseline 0.004 -15"><span class='ocrx_word' id='word_1_217' title='bbox 497 3538 694 3601; x_wconf 65' lang='grc' dir='ltr'>δαείω]</span> <span class='ocrx_word' id='word_1_218' title='bbox 726 3538 861 3588; x_wconf 82' lang='lat' dir='ltr'>Vide</span> <span class='ocrx_word' id='word_1_219' title='bbox 883 3539 1026 3603; x_wconf 79' lang='lat' dir='ltr'>Epit.</span> <span class='ocrx_word' id='word_1_220' title='bbox 1045 3538 1160 3589; x_wconf 78' lang='lat' dir='ltr'>Liv.</span> <span class='ocrx_word' id='word_1_221' title='bbox 1182 3544 1262 3589; x_wconf 82' lang='lat'>11.</span> <span class='ocrx_word' id='word_1_222' title='bbox 1286 3547 1337 3591; x_wconf 76' lang='lat'>6.</span> <span class='ocrx_word' id='word_1_223' title='bbox 1371 3540 1450 3593; x_wconf 77' lang='lat' dir='ltr'>Ia.</span> 
     </span>
    </p>

    <p class='ocr_par' dir='ltr' id='par_1_5' title="bbox 400 3612 1494 4290">
     <span class='ocr_line' id='line_1_42' title="bbox 503 3612 1494 3679; baseline 0.007 -17"><span class='ocrx_word' id='word_1_224' title='bbox 503 3612 821 3678; x_wconf 68' lang='lat' dir='ltr'>cladibusque</span> <span class='ocrx_word' id='word_1_225' title='bbox 849 3614 970 3679; x_wconf 71' lang='lat' dir='ltr'>ipsis</span> <span class='ocrx_word' id='word_1_226' title='bbox 997 3615 1349 3679; x_wconf 63' lang='lat' dir='ltr'>ani-odorem]</span> <span class='ocrx_word' id='word_1_227' title='bbox 1403 3618 1494 3669; x_wconf 87' lang='lat' dir='ltr'>Ita</span> 
     </span>
     <span class='ocr_line' id='line_1_43' title="bbox 433 3686 1492 3753; baseline 0.006 -14"><span class='ocrx_word' id='word_1_228' title='bbox 433 3686 530 3741; x_wconf 80' lang='lat' dir='ltr'>inf.</span> <span class='ocrx_word' id='word_1_229' title='bbox 552 3693 602 3741; x_wconf 92' lang='grc'>8.</span> <span class='ocrx_word' id='word_1_230' title='bbox 623 3694 708 3753; x_wconf 80' lang='lat'>21,</span> <span class='ocrx_word' id='word_1_231' title='bbox 727 3692 808 3741; x_wconf 90' lang='grc'>10.</span> <span class='ocrx_word' id='word_1_232' title='bbox 839 3692 858 3721; x_wconf 75' lang='lat'><strong>⁴</strong></span> <span class='ocrx_word' id='word_1_233' title='bbox 878 3689 1037 3742; x_wconf 82' lang='lat' dir='ltr'>Redit</span> <span class='ocrx_word' id='word_1_234' title='bbox 1059 3690 1128 3743; x_wconf 89' lang='lat' dir='ltr'>ab</span> <span class='ocrx_word' id='word_1_235' title='bbox 1157 3690 1340 3743; x_wconf 80' lang='lat' dir='ltr'>Africa</span> <span class='ocrx_word' id='word_1_236' title='bbox 1377 3694 1492 3745; x_wconf 89' lang='lat' dir='ltr'>Ma·</span> 
     </span>
     <span class='ocr_line' id='line_1_44' title="bbox 431 3764 1491 3831; baseline 0.007 -16"><span class='ocrx_word' id='word_1_237' title='bbox 431 3765 542 3815; x_wconf 84' lang='lat' dir='ltr'>rius</span> <span class='ocrx_word' id='word_1_238' title='bbox 565 3766 716 3817; x_wconf 86' lang='lat' dir='ltr'>clade</span> <span class='ocrx_word' id='word_1_239' title='bbox 741 3764 939 3829; x_wconf 73' lang='lat' dir='ltr'>maJor.’</span> <span class='ocrx_word' id='word_1_240' title='bbox 1003 3767 1077 3817; x_wconf 85' lang='lat' dir='ltr'>Et</span> <span class='ocrx_word' id='word_1_241' title='bbox 1097 3782 1182 3831; x_wconf 85' lang='lat' dir='ltr'>ap.</span> <span class='ocrx_word' id='word_1_242' title='bbox 1201 3768 1491 3822; x_wconf 56' lang='lat' dir='ltr'>,lustinum-</span> 
     </span>
     <span class='ocr_line' id='line_1_45' title="bbox 431 3842 1491 3908; baseline 0.004 -15"><span class='ocrx_word' id='word_1_243' title='bbox 431 3844 486 3903; x_wconf 73' lang='lat'>2,</span> <span class='ocrx_word' id='word_1_244' title='bbox 501 3845 552 3891; x_wconf 80' lang='grc'>4.</span> <span class='ocrx_word' id='word_1_245' title='bbox 585 3842 838 3893; x_wconf 82' lang='lat' dir='ltr'>Seleucus</span> <span class='ocrx_word' id='word_1_246' title='bbox 867 3842 1053 3893; x_wconf 73' lang='lat' dir='ltr'>‘laetus</span> <span class='ocrx_word' id='word_1_247' title='bbox 1091 3844 1244 3894; x_wconf 82' lang='lat' dir='ltr'>malis</span> <span class='ocrx_word' id='word_1_248' title='bbox 1275 3844 1402 3908; x_wconf 80' lang='lat' dir='ltr'>auis,</span> <span class='ocrx_word' id='word_1_249' title='bbox 1433 3853 1491 3897; x_wconf 81' lang='lat' dir='ltr'>ct</span> 
     </span>
     <span class='ocr_line' id='line_1_46' title="bbox 434 3914 1490 3983; baseline 0.008 -18"><span class='ocrx_word' id='word_1_250' title='bbox 434 3914 634 3965; x_wconf 83' lang='lat' dir='ltr'>damnis</span> <span class='ocrx_word' id='word_1_251' title='bbox 663 3916 823 3967; x_wconf 87' lang='lat' dir='ltr'>ditior</span> <span class='ocrx_word' id='word_1_252' title='bbox 853 3917 1092 3968; x_wconf 83' lang='lat' dir='ltr'>redditus</span> <span class='ocrx_word' id='word_1_253' title='bbox 1109 3917 1144 3969; x_wconf 68' lang='grc' dir='ltr'>ε’</span> <span class='ocrx_word' id='word_1_254' title='bbox 1177 3924 1234 3969; x_wconf 86' lang='lat' dir='ltr'>ct</span> <span class='ocrx_word' id='word_1_255' title='bbox 1255 3920 1490 3983; x_wconf 79' lang='lat' dir='ltr'>ejusdem</span> 
     </span>
     <span class='ocr_line' id='line_1_47' title="bbox 400 3986 1492 4061; baseline 0.005 -18"><span class='ocrx_word' id='word_1_256' title='bbox 400 4013 409 4021; x_wconf 93' lang='lat'><strong>·</strong></span> <span class='ocrx_word' id='word_1_257' title='bbox 431 3990 768 4043; x_wconf 76' lang='lat' dir='ltr'>Mithridates</span> <span class='ocrx_word' id='word_1_258' title='bbox 789 3992 866 4042; x_wconf 84' lang='lat' dir='ltr'>ita</span> <span class='ocrx_word' id='word_1_259' title='bbox 894 3992 1062 4043; x_wconf 76' lang='lat' dir='ltr'>victus</span> <span class='ocrx_word' id='word_1_260' title='bbox 1084 4000 1184 4059; x_wconf 85' lang='lat' dir='ltr'>est,</span> <span class='ocrx_word' id='word_1_261' title='bbox 1211 3986 1306 4047; x_wconf 77' lang='lat' dir='ltr'>‘&#39;nt</span> <span class='ocrx_word' id='word_1_262' title='bbox 1325 3998 1492 4061; x_wconf 78' lang='lat' dir='ltr'>major</span> 
     </span>
     <span class='ocr_line' id='line_1_48' title="bbox 431 4066 1490 4131; baseline 0.004 -14"><span class='ocrx_word' id='word_1_263' title='bbox 431 4066 716 4131; x_wconf 81' lang='lat' dir='ltr'>clariorque</span> <span class='ocrx_word' id='word_1_264' title='bbox 730 4067 785 4115; x_wconf 87' lang='lat' dir='ltr'>iu</span> <span class='ocrx_word' id='word_1_265' title='bbox 806 4068 1142 4119; x_wconf 86' lang='lat' dir='ltr'>restaurando</span> <span class='ocrx_word' id='word_1_266' title='bbox 1163 4070 1302 4120; x_wconf 84' lang='lat' dir='ltr'>bello</span> <span class='ocrx_word' id='word_1_267' title='bbox 1324 4086 1490 4121; x_wconf 76' lang='lat' dir='ltr'>resur·</span> 
     </span>
     <span class='ocr_line' id='line_1_49' title="bbox 431 4141 1488 4208; baseline 0.008 -18"><span class='ocrx_word' id='word_1_268' title='bbox 431 4146 604 4205; x_wconf 74' lang='lat' dir='ltr'>geret,</span> <span class='ocrx_word' id='word_1_269' title='bbox 625 4141 926 4208; x_wconf 78' lang='lat' dir='ltr'>damnisque</span> <span class='ocrx_word' id='word_1_270' title='bbox 947 4143 1052 4193; x_wconf 82' lang='lat' dir='ltr'>suis</span> <span class='ocrx_word' id='word_1_271' title='bbox 1067 4146 1353 4197; x_wconf 80' lang='lat' dir='ltr'>terribilior</span> <span class='ocrx_word' id='word_1_272' title='bbox 1371 4147 1488 4198; x_wconf 82' lang='lat' dir='ltr'>red·</span> 
     </span>
     <span class='ocr_line' id='line_1_50' title="bbox 429 4214 1490 4290; baseline 0.009 -23"><span class='ocrx_word' id='word_1_273' title='bbox 429 4214 683 4281; x_wconf 79' lang='lat' dir='ltr'>deretur,’</span> <span class='ocrx_word' id='word_1_274' title='bbox 705 4220 788 4267; x_wconf 85' lang='grc'>88.</span> <span class='ocrx_word' id='word_1_275' title='bbox 821 4221 872 4281; x_wconf 87' lang='grc'>1,</span> <span class='ocrx_word' id='word_1_276' title='bbox 890 4222 942 4269; x_wconf 84' lang='grc'>8.</span> <span class='ocrx_word' id='word_1_277' title='bbox 975 4218 1130 4271; x_wconf 82' lang='lat' dir='ltr'>Adde</span> <span class='ocrx_word' id='word_1_278' title='bbox 1150 4219 1246 4273; x_wconf 80' lang='lat' dir='ltr'>inf.</span> <span class='ocrx_word' id='word_1_279' title='bbox 1270 4226 1318 4275; x_wconf 95' lang='grc'>8.</span> <span class='ocrx_word' id='word_1_280' title='bbox 1337 4228 1388 4290; x_wconf 75' lang='lat'>5,</span> <span class='ocrx_word' id='word_1_281' title='bbox 1407 4229 1490 4277; x_wconf 72' lang='lat'>2⁰.</span> 
     </span>
    </p>
   </div>
   <div class='ocr_carea' id='block_1_3' title="bbox 2588 210 2616 232">
    <p class='ocr_par' dir='ltr' id='par_1_6' title="bbox 2588 210 2616 232">
     <span class='ocr_line' id='line_1_51' title="bbox 2588 210 2616 232; baseline 0 0"><span class='ocrx_word' id='word_1_282' title='bbox 2588 210 2616 232; x_wconf 72' lang='lat' dir='ltr'><em>l</em></span> 
     </span>
    </p>
   </div>
   <div class='ocr_carea' id='block_1_4' title="bbox 2522 440 2657 505">
    <p class='ocr_par' dir='ltr' id='par_1_7' title="bbox 2522 440 2657 505">
     <span class='ocr_line' id='line_1_52' title="bbox 2522 440 2657 505; baseline 0 0"><span class='ocrx_word' id='word_1_283' title='bbox 2522 440 2657 505; x_wconf 76' lang='lat'>549</span> 
     </span>
    </p>
   </div>
   <div class='ocr_carea' id='block_1_5' title="bbox 1575 593 2654 2323">
    <p class='ocr_par' dir='ltr' id='par_1_8' title="bbox 1575 593 2654 2323">
     <span class='ocr_line' id='line_1_53' title="bbox 1661 593 2653 660; baseline 0.002 -17"><span class='ocrx_word' id='word_1_284' title='bbox 1661 598 1694 644; x_wconf 86' lang='grc'><strong>8</strong></span> <span class='ocrx_word' id='word_1_285' title='bbox 1740 594 1847 643; x_wconf 81' lang='lat' dir='ltr'>Hos</span> <span class='ocrx_word' id='word_1_286' title='bbox 1898 599 2056 644; x_wconf 76' lang='lat' dir='ltr'>tumen</span> <span class='ocrx_word' id='word_1_287' title='bbox 2102 593 2441 659; x_wconf 73' lang='lat' dir='ltr'>quinquaginta</span> <span class='ocrx_word' id='word_1_288' title='bbox 2492 596 2653 660; x_wconf 71' lang='lat' dir='ltr'>uanis]</span> 
     </span>
     <span class='ocr_line' id='line_1_54' title="bbox 1595 670 2654 736; baseline -0.003 -13"><span class='ocrx_word' id='word_1_289' title='bbox 1595 670 1985 736; x_wconf 71' lang='lat' dir='ltr'>Quinquaginta</span> <span class='ocrx_word' id='word_1_290' title='bbox 2021 686 2179 721; x_wconf 75' lang='lat' dir='ltr'>annos</span> <span class='ocrx_word' id='word_1_291' title='bbox 2212 671 2426 721; x_wconf 82' lang='lat' dir='ltr'>durasse</span> <span class='ocrx_word' id='word_1_292' title='bbox 2456 672 2654 723; x_wconf 69' lang='lat' dir='ltr'>Samni·-</span> 
     </span>
     <span class='ocr_line' id='line_1_55' title="bbox 1596 745 2649 808; baseline 0.004 -13"><span class='ocrx_word' id='word_1_293' title='bbox 1596 745 1725 795; x_wconf 84' lang='lat' dir='ltr'>tium</span> <span class='ocrx_word' id='word_1_294' title='bbox 1748 748 1885 797; x_wconf 86' lang='lat' dir='ltr'>bella</span> <span class='ocrx_word' id='word_1_295' title='bbox 1922 763 2039 797; x_wconf 86' lang='lat' dir='ltr'>cnm</span> <span class='ocrx_word' id='word_1_296' title='bbox 2077 746 2317 797; x_wconf 84' lang='lat' dir='ltr'>Romanis</span> <span class='ocrx_word' id='word_1_297' title='bbox 2340 747 2469 797; x_wconf 77' lang='lat' dir='ltr'>vult.</span> <span class='ocrx_word' id='word_1_298' title='bbox 2536 748 2649 808; x_wconf 75' lang='lat' dir='ltr'>Ego</span> 
     </span>
     <span class='ocr_line' id='line_1_56' title="bbox 1594 822 2653 885; baseline 0.001 -15"><span class='ocrx_word' id='word_1_299' title='bbox 1594 824 1711 885; x_wconf 85' lang='lat' dir='ltr'>plus</span> <span class='ocrx_word' id='word_1_300' title='bbox 1734 824 1960 883; x_wconf 82' lang='lat' dir='ltr'>invenio,</span> <span class='ocrx_word' id='word_1_301' title='bbox 1991 828 2045 871; x_wconf 86' lang='lat' dir='ltr'>et</span> <span class='ocrx_word' id='word_1_302' title='bbox 2084 824 2158 872; x_wconf 82' lang='lat' dir='ltr'>sic</span> <span class='ocrx_word' id='word_1_303' title='bbox 2180 822 2387 885; x_wconf 73' lang='lat' dir='ltr'>colligo.</span> <span class='ocrx_word' id='word_1_304' title='bbox 2452 822 2653 872; x_wconf 83' lang='lat' dir='ltr'>Scribit</span> 
     </span>
     <span class='ocr_line' id='line_1_57' title="bbox 1593 897 2653 963; baseline 0 -15"><span class='ocrx_word' id='word_1_305' title='bbox 1593 898 1707 948; x_wconf 78' lang='lat' dir='ltr'>Liv-</span> <span class='ocrx_word' id='word_1_306' title='bbox 1743 897 1833 949; x_wconf 89' lang='lat' dir='ltr'>lib.</span> <span class='ocrx_word' id='word_1_307' title='bbox 1856 912 1913 948; x_wconf 87' lang='lat' dir='ltr'>x.</span> <span class='ocrx_word' id='word_1_308' title='bbox 1951 899 2003 947; x_wconf 86' lang='lat' dir='ltr'>in</span> <span class='ocrx_word' id='word_1_309' title='bbox 2044 899 2157 948; x_wconf 77' lang='lat' dir='ltr'>boec</span> <span class='ocrx_word' id='word_1_310' title='bbox 2198 898 2390 948; x_wconf 71' lang='lat' dir='ltr'>verbex</span> <span class='ocrx_word' id='word_1_311' title='bbox 2426 900 2653 963; x_wconf 87' lang='lat' dir='ltr'>‘Super-</span> 
     </span>
     <span class='ocr_line' id='line_1_58' title="bbox 1589 974 2649 1039; baseline 0.002 -16"><span class='ocrx_word' id='word_1_312' title='bbox 1589 976 1711 1024; x_wconf 85' lang='lat' dir='ltr'>sunt</span> <span class='ocrx_word' id='word_1_313' title='bbox 1734 976 2014 1024; x_wconf 81' lang='lat' dir='ltr'>etiamnum</span> <span class='ocrx_word' id='word_1_314' title='bbox 2033 974 2337 1024; x_wconf 79' lang='lat' dir='ltr'>Samnitium</span> <span class='ocrx_word' id='word_1_315' title='bbox 2356 975 2514 1037; x_wconf 83' lang='lat' dir='ltr'>bella,</span> <span class='ocrx_word' id='word_1_316' title='bbox 2534 990 2649 1039; x_wconf 67' lang='lat' dir='ltr'>qua</span> 
     </span>
     <span class='ocr_line' id='line_1_59' title="bbox 1589 1049 2653 1114; baseline 0 -16"><span class='ocrx_word' id='word_1_317' title='bbox 1589 1049 1839 1099; x_wconf 85' lang='lat' dir='ltr'>continua</span> <span class='ocrx_word' id='word_1_318' title='bbox 1860 1063 1954 1113; x_wconf 84' lang='lat' dir='ltr'>per</span> <span class='ocrx_word' id='word_1_319' title='bbox 1986 1058 2224 1113; x_wconf 86' lang='lat' dir='ltr'>quartum</span> <span class='ocrx_word' id='word_1_320' title='bbox 2252 1050 2357 1113; x_wconf 88' lang='lat' dir='ltr'>jam</span> <span class='ocrx_word' id='word_1_321' title='bbox 2397 1050 2653 1114; x_wconf 79' lang='lat' dir='ltr'>volumen,</span> 
     </span>
     <span class='ocr_line' id='line_1_60' title="bbox 1590 1124 2653 1190; baseline 0.002 -17"><span class='ocrx_word' id='word_1_322' title='bbox 1590 1138 1881 1189; x_wconf 83' lang='lat' dir='ltr'>anuumque</span> <span class='ocrx_word' id='word_1_323' title='bbox 1898 1132 2096 1175; x_wconf 80' lang='lat' dir='ltr'>sextum</span> <span class='ocrx_word' id='word_1_324' title='bbox 2115 1133 2171 1173; x_wconf 85' lang='lat' dir='ltr'>et</span> <span class='ocrx_word' id='word_1_325' title='bbox 2188 1124 2653 1190; x_wconf 72' lang='lat' dir='ltr'>quadragesimum,</span> 
     </span>
     <span class='ocr_line' id='line_1_61' title="bbox 1591 1198 2648 1262; baseline 0.001 -14"><span class='ocrx_word' id='word_1_326' title='bbox 1591 1199 1667 1249; x_wconf 87' lang='lat' dir='ltr'>M.</span> <span class='ocrx_word' id='word_1_327' title='bbox 1687 1200 1915 1262; x_wconf 83' lang='lat' dir='ltr'>Valerio,</span> <span class='ocrx_word' id='word_1_328' title='bbox 1958 1198 2022 1251; x_wconf 83' lang='lat' dir='ltr'>A.</span> <span class='ocrx_word' id='word_1_329' title='bbox 2046 1198 2289 1249; x_wconf 84' lang='lat' dir='ltr'>Cornelio</span> <span class='ocrx_word' id='word_1_330' title='bbox 2311 1200 2648 1262; x_wconf 84' lang='lat' dir='ltr'>Consulibus,</span> 
     </span>
     <span class='ocr_line' id='line_1_62' title="bbox 1588 1275 2648 1340; baseline 0.001 -16"><span class='ocrx_word' id='word_1_331' title='bbox 1588 1276 1677 1339; x_wconf 85' lang='lat' dir='ltr'>qui</span> <span class='ocrx_word' id='word_1_332' title='bbox 1717 1275 1867 1340; x_wconf 87' lang='lat' dir='ltr'>primi</span> <span class='ocrx_word' id='word_1_333' title='bbox 1913 1276 2120 1325; x_wconf 87' lang='lat' dir='ltr'>Samnio</span> <span class='ocrx_word' id='word_1_334' title='bbox 2164 1290 2306 1324; x_wconf 81' lang='lat' dir='ltr'>arma</span> <span class='ocrx_word' id='word_1_335' title='bbox 2344 1276 2648 1338; x_wconf 86' lang='lat' dir='ltr'>intulerunt,</span> 
     </span>
     <span class='ocr_line' id='line_1_63' title="bbox 1590 1350 2647 1415; baseline 0.001 -16"><span class='ocrx_word' id='word_1_336' title='bbox 1590 1350 1823 1415; x_wconf 76' lang='lat' dir='ltr'>agimus.&#39;</span> <span class='ocrx_word' id='word_1_337' title='bbox 1875 1350 2007 1401; x_wconf 66' lang='lat' dir='ltr'>Haec</span> <span class='ocrx_word' id='word_1_338' title='bbox 2042 1352 2236 1413; x_wconf 81' lang='lat' dir='ltr'>scripta</span> <span class='ocrx_word' id='word_1_339' title='bbox 2278 1352 2331 1399; x_wconf 88' lang='lat' dir='ltr'>in</span> <span class='ocrx_word' id='word_1_340' title='bbox 2375 1351 2647 1400; x_wconf 78' lang='lat' dir='ltr'>consulatu</span> 
     </span>
     <span class='ocr_line' id='line_1_64' title="bbox 1589 1424 2643 1488; baseline -0.002 -11"><span class='ocrx_word' id='word_1_341' title='bbox 1589 1426 1660 1477; x_wconf 82' lang='lat' dir='ltr'>Q.</span> <span class='ocrx_word' id='word_1_342' title='bbox 1695 1424 1841 1474; x_wconf 80' lang='lat' dir='ltr'>Fabii</span> <span class='ocrx_word' id='word_1_343' title='bbox 1864 1431 1920 1474; x_wconf 86' lang='lat' dir='ltr'>et</span> <span class='ocrx_word' id='word_1_344' title='bbox 1941 1426 2005 1475; x_wconf 83' lang='lat' dir='ltr'>P.</span> <span class='ocrx_word' id='word_1_345' title='bbox 2026 1426 2195 1488; x_wconf 83' lang='lat' dir='ltr'>Decii,</span> <span class='ocrx_word' id='word_1_346' title='bbox 2219 1440 2353 1475; x_wconf 88' lang='lat' dir='ltr'>anno</span> <span class='ocrx_word' id='word_1_347' title='bbox 2378 1426 2535 1475; x_wconf 82' lang='lat' dir='ltr'>urbis.</span> <span class='ocrx_word' id='word_1_348' title='bbox 2556 1460 2571 1477; x_wconf 87' lang='lat'><strong>.</strong></span> <span class='ocrx_word' id='word_1_349' title='bbox 2594 1462 2607 1477; x_wconf 90' lang='lat'><em>.</em></span> <span class='ocrx_word' id='word_1_350' title='bbox 2628 1458 2643 1475; x_wconf 88' lang='lat'>.</span> 
     </span>
     <span class='ocr_line' id='line_1_65' title="bbox 1584 1500 2645 1565; baseline 0 -14"><span class='ocrx_word' id='word_1_351' title='bbox 1584 1500 1707 1551; x_wconf 83' lang='lat' dir='ltr'>Jam</span> <span class='ocrx_word' id='word_1_352' title='bbox 1750 1506 1861 1550; x_wconf 84' lang='lat' dir='ltr'>tum</span> <span class='ocrx_word' id='word_1_353' title='bbox 1902 1508 2080 1550; x_wconf 83' lang='lat' dir='ltr'>sextus</span> <span class='ocrx_word' id='word_1_354' title='bbox 2124 1506 2181 1551; x_wconf 85' lang='lat' dir='ltr'>et</span> <span class='ocrx_word' id='word_1_355' title='bbox 2223 1500 2645 1565; x_wconf 69' lang='lat' dir='ltr'>quadragesimus</span> 
     </span>
     <span class='ocr_line' id='line_1_66' title="bbox 1586 1574 2643 1640; baseline 0.004 -17"><span class='ocrx_word' id='word_1_356' title='bbox 1586 1574 1701 1625; x_wconf 87' lang='lat' dir='ltr'>ibat</span> <span class='ocrx_word' id='word_1_357' title='bbox 1721 1588 1883 1625; x_wconf 83' lang='lat' dir='ltr'>annus</span> <span class='ocrx_word' id='word_1_358' title='bbox 1917 1576 2042 1625; x_wconf 87' lang='lat' dir='ltr'>belli</span> <span class='ocrx_word' id='word_1_359' title='bbox 2075 1576 2304 1640; x_wconf 84' lang='lat' dir='ltr'>perpetis</span> <span class='ocrx_word' id='word_1_360' title='bbox 2338 1576 2643 1627; x_wconf 83' lang='lat' dir='ltr'>Samnitium</span> 
     </span>
     <span class='ocr_line' id='line_1_67' title="bbox 1587 1651 2643 1715; baseline 0 -15"><span class='ocrx_word' id='word_1_361' title='bbox 1587 1663 1651 1700; x_wconf 84' lang='lat' dir='ltr'>ac</span> <span class='ocrx_word' id='word_1_362' title='bbox 1671 1651 2037 1701; x_wconf 85' lang='lat' dir='ltr'>Romanorum.</span> <span class='ocrx_word' id='word_1_363' title='bbox 2106 1651 2394 1715; x_wconf 70' lang='lat' dir='ltr'>Oportet-et</span> <span class='ocrx_word' id='word_1_364' title='bbox 2414 1651 2537 1700; x_wconf 85' lang='lat' dir='ltr'>inde</span> <span class='ocrx_word' id='word_1_365' title='bbox 2560 1666 2643 1700; x_wconf 85' lang='lat' dir='ltr'>ns·</span> 
     </span>
     <span class='ocr_line' id='line_1_68' title="bbox 1585 1724 2642 1791; baseline 0 -16"><span class='ocrx_word' id='word_1_366' title='bbox 1585 1740 1688 1790; x_wconf 83' lang='lat' dir='ltr'>que</span> <span class='ocrx_word' id='word_1_367' title='bbox 1710 1726 1775 1775; x_wconf 86' lang='lat' dir='ltr'>ad</span> <span class='ocrx_word' id='word_1_368' title='bbox 1798 1724 1913 1790; x_wconf 84' lang='lat' dir='ltr'>ejus</span> <span class='ocrx_word' id='word_1_369' title='bbox 1948 1724 2102 1776; x_wconf 82' lang='lat' dir='ltr'>finem</span> <span class='ocrx_word' id='word_1_370' title='bbox 2122 1738 2225 1776; x_wconf 86' lang='lat' dir='ltr'>non</span> <span class='ocrx_word' id='word_1_371' title='bbox 2250 1726 2468 1789; x_wconf 84' lang='lat' dir='ltr'>amplius</span> <span class='ocrx_word' id='word_1_372' title='bbox 2490 1740 2642 1791; x_wconf 84' lang='lat' dir='ltr'>quam</span> 
     </span>
     <span class='ocr_line' id='line_1_69' title="bbox 1585 1794 2644 1866; baseline 0 -15"><span class='ocrx_word' id='word_1_373' title='bbox 1585 1816 1749 1851; x_wconf 84' lang='lat' dir='ltr'>anuos</span> <span class='ocrx_word' id='word_1_374' title='bbox 1770 1809 1993 1866; x_wconf 85' lang='lat' dir='ltr'>quatuor</span> <span class='ocrx_word' id='word_1_375' title='bbox 2022 1794 2353 1865; x_wconf 66' lang='lat' dir='ltr'>processisse,</span> <span class='ocrx_word' id='word_1_376' title='bbox 2374 1807 2435 1851; x_wconf 88' lang='lat' dir='ltr'>ut</span> <span class='ocrx_word' id='word_1_377' title='bbox 2453 1801 2529 1850; x_wconf 87' lang='lat' dir='ltr'>sic</span> <span class='ocrx_word' id='word_1_378' title='bbox 2552 1800 2644 1851; x_wconf 84' lang='lat' dir='ltr'>tie-</span> 
     </span>
     <span class='ocr_line' id='line_1_70' title="bbox 1583 1876 2641 1943; baseline 0.002 -18"><span class='ocrx_word' id='word_1_379' title='bbox 1583 1884 1702 1927; x_wconf 76' lang='lat' dir='ltr'>rent</span> <span class='ocrx_word' id='word_1_380' title='bbox 1712 1878 1833 1928; x_wconf 84' lang='lat' dir='ltr'>anni</span> <span class='ocrx_word' id='word_1_381' title='bbox 1852 1878 2224 1943; x_wconf 73' lang='lat' dir='ltr'>quinquaginta</span> <span class='ocrx_word' id='word_1_382' title='bbox 2240 1876 2443 1939; x_wconf 70' lang='lat' dir='ltr'>Annaei,</span> <span class='ocrx_word' id='word_1_383' title='bbox 2454 1876 2641 1941; x_wconf 83' lang='lat' dir='ltr'>quibus</span> 
     </span>
     <span class='ocr_line' id='line_1_71' title="bbox 1583 1950 2638 2003; baseline -0.002 0"><span class='ocrx_word' id='word_1_384' title='bbox 1583 1952 1807 2003; x_wconf 80' lang='lat' dir='ltr'>domitos</span> <span class='ocrx_word' id='word_1_385' title='bbox 1827 1966 1889 2003; x_wconf 79' lang='lat' dir='ltr'>ac</span> <span class='ocrx_word' id='word_1_386' title='bbox 1928 1952 2173 2002; x_wconf 85' lang='lat' dir='ltr'>subactos</span> <span class='ocrx_word' id='word_1_387' title='bbox 2197 1950 2325 2001; x_wconf 82' lang='lat' dir='ltr'>dicit</span> <span class='ocrx_word' id='word_1_388' title='bbox 2358 1952 2638 2001; x_wconf 78' lang='lat' dir='ltr'>Samnites.</span> 
     </span>
     <span class='ocr_line' id='line_1_72' title="bbox 1581 2026 2639 2093; baseline -0.002 -16"><span class='ocrx_word' id='word_1_389' title='bbox 1581 2026 1743 2093; x_wconf 82' lang='lat' dir='ltr'>Atqui</span> <span class='ocrx_word' id='word_1_390' title='bbox 1774 2028 1841 2078; x_wconf 85' lang='lat' dir='ltr'>ab</span> <span class='ocrx_word' id='word_1_391' title='bbox 1883 2028 1960 2078; x_wconf 85' lang='lat' dir='ltr'>bis</span> <span class='ocrx_word' id='word_1_392' title='bbox 1994 2027 2289 2078; x_wconf 76' lang='lat' dir='ltr'>consulibus</span> <span class='ocrx_word' id='word_1_393' title='bbox 2326 2026 2395 2075; x_wconf 81' lang='lat' dir='ltr'>ad</span> <span class='ocrx_word' id='word_1_394' title='bbox 2428 2026 2639 2076; x_wconf 85' lang='lat' dir='ltr'>Curium</span> 
     </span>
     <span class='ocr_line' id='line_1_73' title="bbox 1580 2102 2640 2171; baseline -0.002 -16"><span class='ocrx_word' id='word_1_395' title='bbox 1580 2106 1887 2168; x_wconf 74' lang='lat' dir='ltr'>Dentatum,</span> <span class='ocrx_word' id='word_1_396' title='bbox 1918 2106 2007 2171; x_wconf 86' lang='lat' dir='ltr'>qui</span> <span class='ocrx_word' id='word_1_397' title='bbox 2049 2105 2117 2155; x_wconf 86' lang='lat' dir='ltr'>de</span> <span class='ocrx_word' id='word_1_398' title='bbox 2152 2104 2229 2153; x_wconf 81' lang='lat' dir='ltr'>bis</span> <span class='ocrx_word' id='word_1_399' title='bbox 2270 2102 2640 2153; x_wconf 70' lang='lat' dir='ltr'>rebellantibus</span> 
     </span>
     <span class='ocr_line' id='line_1_74' title="bbox 1575 2180 2641 2246; baseline -0.003 -15"><span class='ocrx_word' id='word_1_400' title='bbox 1575 2181 1918 2246; x_wconf 75' lang='lat' dir='ltr'>triumphavit</span> <span class='ocrx_word' id='word_1_401' title='bbox 1956 2180 2231 2231; x_wconf 76' lang='lat' dir='ltr'>consulatu</span> <span class='ocrx_word' id='word_1_402' title='bbox 2266 2192 2376 2241; x_wconf 84' lang='lat' dir='ltr'>suo,</span> <span class='ocrx_word' id='word_1_403' title='bbox 2416 2187 2641 2244; x_wconf 86' lang='lat' dir='ltr'>quatuor</span> 
     </span>
     <span class='ocr_line' id='line_1_75' title="bbox 1581 2256 2642 2323; baseline -0.003 -16"><span class='ocrx_word' id='word_1_404' title='bbox 1581 2257 1721 2319; x_wconf 80' lang='lat' dir='ltr'>anni,</span> <span class='ocrx_word' id='word_1_405' title='bbox 1756 2256 2015 2323; x_wconf 81' lang='lat' dir='ltr'>explendo</span> <span class='ocrx_word' id='word_1_406' title='bbox 2052 2256 2195 2306; x_wconf 83' lang='lat' dir='ltr'>Flori</span> <span class='ocrx_word' id='word_1_407' title='bbox 2231 2269 2461 2317; x_wconf 83' lang='lat' dir='ltr'>numero,</span> <span class='ocrx_word' id='word_1_408' title='bbox 2484 2256 2642 2304; x_wconf 87' lang='lat' dir='ltr'>iuter-</span> 
     </span>
    </p>
   </div>
   <div class='ocr_carea' id='block_1_6' title="bbox 1581 2330 2749 2394">
    <p class='ocr_par' dir='ltr' id='par_1_9' title="bbox 1581 2330 2749 2394">
     <span class='ocr_line' id='line_1_76' title="bbox 1581 2330 2749 2394; baseline -0.003 -13"><span class='ocrx_word' id='word_1_409' title='bbox 1581 2338 1719 2383; x_wconf 87' lang='lat' dir='ltr'>sunt.</span> <span class='ocrx_word' id='word_1_410' title='bbox 1782 2333 1977 2383; x_wconf 81' lang='lat' dir='ltr'>Tribus</span> <span class='ocrx_word' id='word_1_411' title='bbox 2008 2338 2183 2383; x_wconf 85' lang='lat' dir='ltr'>tamen</span> <span class='ocrx_word' id='word_1_412' title='bbox 2220 2337 2405 2394; x_wconf 84' lang='lat' dir='ltr'>postea</span> <span class='ocrx_word' id='word_1_413' title='bbox 2427 2330 2638 2379; x_wconf 77' lang='lat' dir='ltr'>volumi·</span> <span class='ocrx_word' id='word_1_414' title='bbox 2736 2356 2749 2367; x_wconf 90' lang='lat'><strong>·</strong></span> 
     </span>
    </p>
   </div>
   <div class='ocr_carea' id='block_1_7' title="bbox 1557 2406 2716 4365">
    <p class='ocr_par' dir='ltr' id='par_1_10' title="bbox 1575 2406 2637 2701">
     <span class='ocr_line' id='line_1_77' title="bbox 1577 2406 2637 2471; baseline -0.003 -14"><span class='ocrx_word' id='word_1_415' title='bbox 1577 2409 1727 2458; x_wconf 85' lang='lat' dir='ltr'>nibus</span> <span class='ocrx_word' id='word_1_416' title='bbox 1749 2406 1997 2457; x_wconf 77' lang='lat' dir='ltr'>adversus</span> <span class='ocrx_word' id='word_1_417' title='bbox 2028 2422 2120 2457; x_wconf 80' lang='lat' dir='ltr'>eos</span> <span class='ocrx_word' id='word_1_418' title='bbox 2151 2406 2419 2465; x_wconf 85' lang='lat' dir='ltr'>bellatum,</span> <span class='ocrx_word' id='word_1_419' title='bbox 2451 2418 2637 2471; x_wconf 85' lang='lat' dir='ltr'>resque</span> 
     </span>
     <span class='ocr_line' id='line_1_78' title="bbox 1577 2482 2637 2549; baseline 0 -16"><span class='ocrx_word' id='word_1_420' title='bbox 1577 2482 1804 2535; x_wconf 78' lang='lat' dir='ltr'>feliciter</span> <span class='ocrx_word' id='word_1_421' title='bbox 1817 2491 1989 2549; x_wconf 69' lang='lat' dir='ltr'>gestas</span> <span class='ocrx_word' id='word_1_422' title='bbox 2002 2484 2345 2545; x_wconf 84' lang='lat' dir='ltr'>memorabat,</span> <span class='ocrx_word' id='word_1_423' title='bbox 2358 2489 2418 2532; x_wconf 84' lang='lat' dir='ltr'>ut</span> <span class='ocrx_word' id='word_1_424' title='bbox 2438 2482 2637 2533; x_wconf 80' lang='lat' dir='ltr'>Auctor</span> 
     </span>
     <span class='ocr_line' id='line_1_79' title="bbox 1575 2558 2631 2626; baseline -0.002 -15"><span class='ocrx_word' id='word_1_425' title='bbox 1575 2561 1722 2626; x_wconf 82' lang='lat' dir='ltr'>Epit.</span> <span class='ocrx_word' id='word_1_426' title='bbox 1746 2562 2022 2625; x_wconf 73' lang='lat' dir='ltr'>siguificat,</span> <span class='ocrx_word' id='word_1_427' title='bbox 2041 2561 2210 2625; x_wconf 81' lang='lat' dir='ltr'>quiea</span> <span class='ocrx_word' id='word_1_428' title='bbox 2230 2558 2370 2608; x_wconf 84' lang='lat' dir='ltr'>bella</span> <span class='ocrx_word' id='word_1_429' title='bbox 2392 2558 2631 2624; x_wconf 67' lang='lat' dir='ltr'>usquead</span> 
     </span>
     <span class='ocr_line' id='line_1_80' title="bbox 1576 2633 2633 2701; baseline -0.002 -15"><span class='ocrx_word' id='word_1_430' title='bbox 1576 2636 1769 2701; x_wconf 78' lang='lat' dir='ltr'>Pyrrhi</span> <span class='ocrx_word' id='word_1_431' title='bbox 1806 2638 1943 2700; x_wconf 69' lang='lat' dir='ltr'>regis</span> <span class='ocrx_word' id='word_1_432' title='bbox 1979 2642 2205 2685; x_wconf 84' lang='lat' dir='ltr'>mortem</span> <span class='ocrx_word' id='word_1_433' title='bbox 2249 2633 2477 2684; x_wconf 80' lang='lat' dir='ltr'>deducit.</span> <span class='ocrx_word' id='word_1_434' title='bbox 2542 2634 2633 2685; x_wconf 78' lang='lat' dir='ltr'>Sic</span> 
     </span>
    </p>

    <p class='ocr_par' dir='ltr' id='par_1_11' title="bbox 1557 2694 2716 4365">
     <span class='ocr_line' id='line_1_81' title="bbox 1573 2694 2716 2775; baseline -0.003 -14"><span class='ocrx_word' id='word_1_435' title='bbox 1573 2712 1711 2761; x_wconf 81' lang='lat' dir='ltr'>enim</span> <span class='ocrx_word' id='word_1_436' title='bbox 1730 2712 1784 2761; x_wconf 89' lang='lat' dir='ltr'>iu</span> <span class='ocrx_word' id='word_1_437' title='bbox 1800 2724 1916 2762; x_wconf 74' lang='lat' dir='ltr'>xiv.</span> <span class='ocrx_word' id='word_1_438' title='bbox 1932 2712 2079 2775; x_wconf 83' lang='lat' dir='ltr'>Epit.</span> <span class='ocrx_word' id='word_1_439' title='bbox 2096 2708 2279 2759; x_wconf 87' lang='lat' dir='ltr'>scribit</span> <span class='ocrx_word' id='word_1_440' title='bbox 2298 2726 2311 2757; x_wconf 73' lang='grc' dir='ltr'><strong>ε</strong></span> <span class='ocrx_word' id='word_1_441' title='bbox 2344 2710 2361 2738; x_wconf 79' lang='lat'><strong><em>⁶</em></strong></span> <span class='ocrx_word' id='word_1_442' title='bbox 2382 2708 2486 2757; x_wconf 84' lang='lat' dir='ltr'>Res</span> <span class='ocrx_word' id='word_1_443' title='bbox 2504 2722 2637 2773; x_wconf 73' lang='lat' dir='ltr'>pm·</span> <span class='ocrx_word' id='word_1_444' title='bbox 2682 2694 2716 2716; x_wconf 67' lang='grc'>“’</span> 
     </span>
     <span class='ocr_line' id='line_1_82' title="bbox 1573 2784 2635 2848; baseline -0.001 -12"><span class='ocrx_word' id='word_1_445' title='bbox 1573 2792 1723 2836; x_wconf 85' lang='lat' dir='ltr'>terea</span> <span class='ocrx_word' id='word_1_446' title='bbox 1762 2792 1945 2836; x_wconf 81' lang='lat' dir='ltr'>contra</span> <span class='ocrx_word' id='word_1_447' title='bbox 1985 2786 2239 2847; x_wconf 84' lang='lat' dir='ltr'>Lucanos,</span> <span class='ocrx_word' id='word_1_448' title='bbox 2266 2784 2543 2848; x_wconf 81' lang='lat' dir='ltr'>Samnites,</span> <span class='ocrx_word' id='word_1_449' title='bbox 2576 2790 2635 2835; x_wconf 81' lang='lat' dir='ltr'>et</span> 
     </span>
     <span class='ocr_line' id='line_1_83' title="bbox 1572 2859 2635 2923; baseline -0.001 -12"><span class='ocrx_word' id='word_1_450' title='bbox 1572 2861 1811 2911; x_wconf 85' lang='lat' dir='ltr'>Bruttios</span> <span class='ocrx_word' id='word_1_451' title='bbox 1855 2860 2083 2911; x_wconf 81' lang='lat' dir='ltr'>feliciter</span> <span class='ocrx_word' id='word_1_452' title='bbox 2127 2866 2319 2923; x_wconf 73' lang='lat' dir='ltr'>gestas,</span> <span class='ocrx_word' id='word_1_453' title='bbox 2350 2866 2407 2909; x_wconf 86' lang='lat' dir='ltr'>et</span> <span class='ocrx_word' id='word_1_454' title='bbox 2444 2859 2635 2923; x_wconf 79' lang='lat' dir='ltr'>Pyrrhi</span> 
     </span>
     <span class='ocr_line' id='line_1_84' title="bbox 1573 2930 2633 3000; baseline -0.001 -14"><span class='ocrx_word' id='word_1_455' title='bbox 1573 2939 1715 3000; x_wconf 75' lang='lat' dir='ltr'>regis</span> <span class='ocrx_word' id='word_1_456' title='bbox 1736 2944 1957 2987; x_wconf 84' lang='lat' dir='ltr'>mortem</span> <span class='ocrx_word' id='word_1_457' title='bbox 1978 2930 2243 2986; x_wconf 66' lang='lat' dir='ltr'>continet?</span> <span class='ocrx_word' id='word_1_458' title='bbox 2308 2936 2380 2985; x_wconf 83' lang='lat' dir='ltr'>Et</span> <span class='ocrx_word' id='word_1_459' title='bbox 2399 2949 2523 2986; x_wconf 85' lang='lat' dir='ltr'>saue</span> <span class='ocrx_word' id='word_1_460' title='bbox 2547 2950 2633 2985; x_wconf 77' lang='lat' dir='ltr'>ve·</span> 
     </span>
     <span class='ocr_line' id='line_1_85' title="bbox 1569 3010 2637 3077; baseline 0.003 -17"><span class='ocrx_word' id='word_1_461' title='bbox 1569 3013 1781 3062; x_wconf 81' lang='lat' dir='ltr'>risimile</span> <span class='ocrx_word' id='word_1_462' title='bbox 1803 3017 1904 3073; x_wconf 80' lang='lat' dir='ltr'>est,</span> <span class='ocrx_word' id='word_1_463' title='bbox 1926 3012 2172 3077; x_wconf 80' lang='lat' dir='ltr'>quamdiu</span> <span class='ocrx_word' id='word_1_464' title='bbox 2192 3010 2422 3075; x_wconf 80' lang='lat' dir='ltr'>Pyrrhus</span> <span class='ocrx_word' id='word_1_465' title='bbox 2444 3011 2498 3061; x_wconf 87' lang='lat' dir='ltr'>in</span> <span class='ocrx_word' id='word_1_466' title='bbox 2530 3010 2637 3063; x_wconf 82' lang='lat' dir='ltr'>lta-</span> 
     </span>
     <span class='ocr_line' id='line_1_86' title="bbox 1569 3087 2632 3152; baseline 0.001 -16"><span class='ocrx_word' id='word_1_467' title='bbox 1569 3087 1643 3138; x_wconf 82' lang='lat' dir='ltr'>lia</span> <span class='ocrx_word' id='word_1_468' title='bbox 1684 3088 1932 3138; x_wconf 84' lang='lat' dir='ltr'>adversus</span> <span class='ocrx_word' id='word_1_469' title='bbox 1975 3088 2239 3137; x_wconf 84' lang='lat' dir='ltr'>Romanos</span> <span class='ocrx_word' id='word_1_470' title='bbox 2284 3087 2632 3152; x_wconf 74' lang='lat' dir='ltr'>belligeravit,</span> 
     </span>
     <span class='ocr_line' id='line_1_87' title="bbox 1569 3160 2632 3227; baseline 0 -15"><span class='ocrx_word' id='word_1_471' title='bbox 1569 3160 1734 3214; x_wconf 82' lang='lat' dir='ltr'>fuisse</span> <span class='ocrx_word' id='word_1_472' title='bbox 1754 3162 1805 3213; x_wconf 88' lang='lat' dir='ltr'>in</span> <span class='ocrx_word' id='word_1_473' title='bbox 1822 3162 2055 3227; x_wconf 84' lang='lat' dir='ltr'>partibus</span> <span class='ocrx_word' id='word_1_474' title='bbox 2072 3161 2347 3223; x_wconf 79' lang='lat' dir='ltr'>Samnites,</span> <span class='ocrx_word' id='word_1_475' title='bbox 2362 3176 2461 3213; x_wconf 89' lang='lat' dir='ltr'>uec</span> <span class='ocrx_word' id='word_1_476' title='bbox 2480 3177 2632 3213; x_wconf 85' lang='lat' dir='ltr'>occa·</span> 
     </span>
     <span class='ocr_line' id='line_1_88' title="bbox 1568 3238 2629 3289; baseline 0.002 -2"><span class='ocrx_word' id='word_1_477' title='bbox 1568 3239 1769 3288; x_wconf 81' lang='lat' dir='ltr'>sionem</span> <span class='ocrx_word' id='word_1_478' title='bbox 1790 3244 1897 3287; x_wconf 82' lang='lat' dir='ltr'>tam</span> <span class='ocrx_word' id='word_1_479' title='bbox 1920 3238 2105 3288; x_wconf 82' lang='lat' dir='ltr'>bonam</span> <span class='ocrx_word' id='word_1_480' title='bbox 2126 3238 2356 3287; x_wconf 79' lang='lat' dir='ltr'>amisisse</span> <span class='ocrx_word' id='word_1_481' title='bbox 2376 3238 2629 3289; x_wconf 81' lang='lat' dir='ltr'>rebellan-</span> 
     </span>
     <span class='ocr_line' id='line_1_89' title="bbox 1568 3312 2630 3365; baseline 0.004 -4"><span class='ocrx_word' id='word_1_482' title='bbox 1568 3312 1643 3363; x_wconf 86' lang='lat' dir='ltr'>di.</span> <span class='ocrx_word' id='word_1_483' title='bbox 1711 3313 1957 3362; x_wconf 84' lang='lat' dir='ltr'>Ceterum</span> <span class='ocrx_word' id='word_1_484' title='bbox 1980 3328 2012 3363; x_wconf 82' lang='lat' dir='ltr'>a</span> <span class='ocrx_word' id='word_1_485' title='bbox 2035 3316 2303 3364; x_wconf 88' lang='lat' dir='ltr'>consulatu</span> <span class='ocrx_word' id='word_1_486' title='bbox 2324 3314 2405 3363; x_wconf 80' lang='lat' dir='ltr'>M.</span> <span class='ocrx_word' id='word_1_487' title='bbox 2428 3315 2630 3365; x_wconf 83' lang='lat' dir='ltr'>Valerii</span> 
     </span>
     <span class='ocr_line' id='line_1_90' title="bbox 1567 3386 2631 3452; baseline 0.005 -16"><span class='ocrx_word' id='word_1_488' title='bbox 1567 3393 1627 3436; x_wconf 87' lang='lat' dir='ltr'>et</span> <span class='ocrx_word' id='word_1_489' title='bbox 1646 3386 1712 3437; x_wconf 82' lang='lat' dir='ltr'>A.</span> <span class='ocrx_word' id='word_1_490' title='bbox 1734 3388 1985 3448; x_wconf 86' lang='lat' dir='ltr'>Cornelii,</span> <span class='ocrx_word' id='word_1_491' title='bbox 2000 3402 2103 3452; x_wconf 88' lang='lat' dir='ltr'>quo</span> <span class='ocrx_word' id='word_1_492' title='bbox 2120 3390 2339 3451; x_wconf 86' lang='lat' dir='ltr'>primum</span> <span class='ocrx_word' id='word_1_493' title='bbox 2355 3403 2499 3440; x_wconf 82' lang='lat' dir='ltr'>arma</span> <span class='ocrx_word' id='word_1_494' title='bbox 2522 3390 2631 3441; x_wconf 85' lang='lat' dir='ltr'>Ro·</span> 
     </span>
     <span class='ocr_line' id='line_1_91' title="bbox 1567 3462 2627 3531; baseline 0.004 -18"><span class='ocrx_word' id='word_1_495' title='bbox 1567 3477 1722 3513; x_wconf 83' lang='lat' dir='ltr'>mana</span> <span class='ocrx_word' id='word_1_496' title='bbox 1754 3462 2071 3514; x_wconf 86' lang='lat' dir='ltr'>Samnitibus</span> <span class='ocrx_word' id='word_1_497' title='bbox 2103 3464 2251 3515; x_wconf 85' lang='lat' dir='ltr'>illata</span> <span class='ocrx_word' id='word_1_498' title='bbox 2292 3470 2433 3530; x_wconf 79' lang='lat' dir='ltr'>sunt,</span> <span class='ocrx_word' id='word_1_499' title='bbox 2465 3482 2627 3531; x_wconf 86' lang='lat' dir='ltr'>usque</span> 
     </span>
     <span class='ocr_line' id='line_1_92' title="bbox 1565 3538 2630 3604; baseline 0.005 -14"><span class='ocrx_word' id='word_1_500' title='bbox 1565 3540 1635 3590; x_wconf 89' lang='lat' dir='ltr'>ad</span> <span class='ocrx_word' id='word_1_501' title='bbox 1681 3538 1871 3604; x_wconf 78' lang='lat' dir='ltr'>Pyrrhi</span> <span class='ocrx_word' id='word_1_502' title='bbox 1912 3546 2153 3603; x_wconf 85' lang='lat' dir='ltr'>mortem,</span> <span class='ocrx_word' id='word_1_503' title='bbox 2194 3542 2313 3591; x_wconf 86' lang='lat' dir='ltr'>anni</span> <span class='ocrx_word' id='word_1_504' title='bbox 2368 3543 2630 3603; x_wconf 75' lang='lat' dir='ltr'>intersunt</span> 
     </span>
     <span class='ocr_line' id='line_1_93' title="bbox 1559 3614 2631 3682; baseline 0.004 -15"><span class='ocrx_word' id='word_1_505' title='bbox 1559 3614 1732 3667; x_wconf 72' lang='lat' dir='ltr'>ferne</span> <span class='ocrx_word' id='word_1_506' title='bbox 1736 3648 1825 3667; x_wconf 87' lang='grc'><strong>.....</strong></span> <span class='ocrx_word' id='word_1_507' title='bbox 1830 3616 1935 3666; x_wconf 75' lang='lat' dir='ltr'>Sul.</span> <span class='ocrx_word' id='word_1_508' title='bbox 2000 3620 2017 3646; x_wconf 79' lang='lat'>⁸</span> <span class='ocrx_word' id='word_1_509' title='bbox 2036 3616 2397 3682; x_wconf 73' lang='lat' dir='ltr'>Quadraginta</span> <span class='ocrx_word' id='word_1_510' title='bbox 2417 3620 2631 3671; x_wconf 77' lang='lat' dir='ltr'>novem’</span> 
     </span>
     <span class='ocr_line' id='line_1_94' title="bbox 1563 3691 2623 3758; baseline 0.004 -15"><span class='ocrx_word' id='word_1_511' title='bbox 1563 3707 1661 3757; x_wconf 87' lang='lat' dir='ltr'>pro</span> <span class='ocrx_word' id='word_1_512' title='bbox 1694 3694 1713 3721; x_wconf 76' lang='lat'>⁸</span> <span class='ocrx_word' id='word_1_513' title='bbox 1732 3691 2145 3758; x_wconf 71' lang='lat' dir='ltr'>quinquaginta,’</span> <span class='ocrx_word' id='word_1_514' title='bbox 2169 3694 2448 3758; x_wconf 82' lang='lat' dir='ltr'>Eutropius</span> <span class='ocrx_word' id='word_1_515' title='bbox 2468 3700 2519 3745; x_wconf 73' lang='grc'>2.</span> <span class='ocrx_word' id='word_1_516' title='bbox 2541 3700 2623 3749; x_wconf 78' lang='lat'>12.</span> 
     </span>
     <span class='ocr_line' id='line_1_95' title="bbox 1561 3771 2625 3837; baseline 0.002 -16"><span class='ocrx_word' id='word_1_517' title='bbox 1561 3777 1621 3822; x_wconf 85' lang='lat' dir='ltr'>et</span> <span class='ocrx_word' id='word_1_518' title='bbox 1644 3771 1861 3823; x_wconf 86' lang='lat' dir='ltr'>Orosius</span> <span class='ocrx_word' id='word_1_519' title='bbox 1889 3774 1939 3821; x_wconf 77' lang='lat'>8.</span> <span class='ocrx_word' id='word_1_520' title='bbox 1972 3775 2055 3823; x_wconf 70' lang='lat'>22.</span> <span class='ocrx_word' id='word_1_521' title='bbox 2090 3771 2305 3823; x_wconf 83' lang='lat' dir='ltr'>Camers</span> <span class='ocrx_word' id='word_1_522' title='bbox 2329 3773 2529 3837; x_wconf 73' lang='lat' dir='ltr'>legeret</span> <span class='ocrx_word' id='word_1_523' title='bbox 2548 3789 2625 3823; x_wconf 82' lang='lat' dir='ltr'>oc·</span> 
     </span>
     <span class='ocr_line' id='line_1_96' title="bbox 1561 3848 2626 3913; baseline 0.002 -15"><span class='ocrx_word' id='word_1_524' title='bbox 1561 3848 1769 3910; x_wconf 65' lang='lat' dir='ltr'>tagini«,</span> <span class='ocrx_word' id='word_1_525' title='bbox 1793 3861 1887 3911; x_wconf 90' lang='lat' dir='ltr'>pro</span> <span class='ocrx_word' id='word_1_526' title='bbox 1904 3848 2267 3911; x_wconf 65' lang='lat' dir='ltr'>qninquaginta,</span> <span class='ocrx_word' id='word_1_527' title='bbox 2290 3854 2417 3913; x_wconf 86' lang='lat' dir='ltr'>quot</span> <span class='ocrx_word' id='word_1_528' title='bbox 2428 3848 2626 3900; x_wconf 75' lang='lat' dir='ltr'>invenit</span> 
     </span>
     <span class='ocr_line' id='line_1_97' title="bbox 1562 3922 2626 3988; baseline 0 -14"><span class='ocrx_word' id='word_1_529' title='bbox 1562 3938 1723 3974; x_wconf 83' lang='lat' dir='ltr'>anuos</span> <span class='ocrx_word' id='word_1_530' title='bbox 1748 3924 1801 3973; x_wconf 88' lang='lat' dir='ltr'>in</span> <span class='ocrx_word' id='word_1_531' title='bbox 1841 3923 2088 3988; x_wconf 83' lang='lat' dir='ltr'>prooemio</span> <span class='ocrx_word' id='word_1_532' title='bbox 2127 3922 2376 3987; x_wconf 80' lang='lat' dir='ltr'>Appiani,</span> <span class='ocrx_word' id='word_1_533' title='bbox 2406 3931 2626 3988; x_wconf 89' lang='lat' dir='ltr'>propter</span> 
     </span>
     <span class='ocr_line' id='line_1_98' title="bbox 1559 3998 2623 4063; baseline 0 -14"><span class='ocrx_word' id='word_1_534' title='bbox 1559 3998 1673 4049; x_wconf 83' lang='lat' dir='ltr'>illos</span> <span class='ocrx_word' id='word_1_535' title='bbox 1697 3999 1883 4061; x_wconf 73' lang='lat' dir='ltr'>viginti</span> <span class='ocrx_word' id='word_1_536' title='bbox 1918 4004 2139 4063; x_wconf 86' lang='lat' dir='ltr'>quatuor</span> <span class='ocrx_word' id='word_1_537' title='bbox 2178 3998 2496 4061; x_wconf 82' lang='lat' dir='ltr'>triumphos:</span> <span class='ocrx_word' id='word_1_538' title='bbox 2528 3998 2623 4049; x_wconf 79' lang='lat' dir='ltr'>aed</span> 
     </span>
     <span class='ocr_line' id='line_1_99' title="bbox 1562 4072 2625 4138; baseline 0 -14"><span class='ocrx_word' id='word_1_539' title='bbox 1562 4076 1644 4124; x_wconf 82' lang='lat' dir='ltr'>vei</span> <span class='ocrx_word' id='word_1_540' title='bbox 1668 4074 1827 4124; x_wconf 79' lang='lat' dir='ltr'>vicies</span> <span class='ocrx_word' id='word_1_541' title='bbox 1844 4081 2028 4138; x_wconf 79' lang='lat' dir='ltr'>quater</span> <span class='ocrx_word' id='word_1_542' title='bbox 2042 4087 2147 4123; x_wconf 89' lang='lat' dir='ltr'>uuo</span> <span class='ocrx_word' id='word_1_543' title='bbox 2164 4086 2299 4121; x_wconf 86' lang='lat' dir='ltr'>anno</span> <span class='ocrx_word' id='word_1_544' title='bbox 2319 4072 2455 4134; x_wconf 85' lang='lat' dir='ltr'>istis,</span> <span class='ocrx_word' id='word_1_545' title='bbox 2477 4080 2625 4137; x_wconf 88' lang='lat' dir='ltr'>puto,</span> 
     </span>
     <span class='ocr_line' id='line_1_100' title="bbox 1559 4147 2621 4212; baseline 0.002 -15"><span class='ocrx_word' id='word_1_546' title='bbox 1559 4148 1772 4211; x_wconf 81' lang='lat' dir='ltr'>licebat,</span> <span class='ocrx_word' id='word_1_547' title='bbox 1804 4148 1851 4199; x_wconf 89' lang='lat' dir='ltr'>si</span> <span class='ocrx_word' id='word_1_548' title='bbox 1886 4148 2117 4207; x_wconf 86' lang='lat' dir='ltr'>iubebat,</span> <span class='ocrx_word' id='word_1_549' title='bbox 2150 4147 2219 4197; x_wconf 85' lang='lat' dir='ltr'>de</span> <span class='ocrx_word' id='word_1_550' title='bbox 2256 4147 2439 4198; x_wconf 76' lang='lat' dir='ltr'>eadem</span> <span class='ocrx_word' id='word_1_551' title='bbox 2462 4154 2621 4212; x_wconf 70' lang='lat' dir='ltr'>gent·</span> 
     </span>
     <span class='ocr_line' id='line_1_101' title="bbox 1557 4223 2617 4288; baseline 0.002 -13"><span class='ocrx_word' id='word_1_552' title='bbox 1557 4225 1721 4277; x_wconf 81' lang='lat' dir='ltr'>semel</span> <span class='ocrx_word' id='word_1_553' title='bbox 1740 4224 1885 4275; x_wconf 78' lang='lat' dir='ltr'>victa</span> <span class='ocrx_word' id='word_1_554' title='bbox 1904 4223 2241 4288; x_wconf 80' lang='lat' dir='ltr'>triumphare.</span> <span class='ocrx_word' id='word_1_555' title='bbox 2305 4224 2425 4276; x_wconf 86' lang='lat' dir='ltr'>Cos.</span> <span class='ocrx_word' id='word_1_556' title='bbox 2444 4226 2617 4277; x_wconf 87' lang='lat' dir='ltr'>Varro</span> 
     </span>
     <span class='ocr_line' id='line_1_102' title="bbox 1558 4298 2619 4365; baseline 0.002 -14"><span class='ocrx_word' id='word_1_557' title='bbox 1558 4314 1649 4365; x_wconf 80' lang='lat' dir='ltr'>ap.</span> <span class='ocrx_word' id='word_1_558' title='bbox 1686 4298 1807 4359; x_wconf 64' lang='lat' dir='ltr'>Iaiv.</span> <span class='ocrx_word' id='word_1_559' title='bbox 1852 4302 1939 4351; x_wconf 72' lang='lat'>8⁸.</span> <span class='ocrx_word' id='word_1_560' title='bbox 1974 4302 2030 4365; x_wconf 69' lang='grc' dir='ltr'>ὅ,</span> <span class='ocrx_word' id='word_1_561' title='bbox 2060 4302 2111 4352; x_wconf 75' lang='grc' dir='ltr'>ὅ.</span> <span class='ocrx_word' id='word_1_562' title='bbox 2146 4298 2279 4351; x_wconf 83' lang='lat' dir='ltr'>dicit</span> <span class='ocrx_word' id='word_1_563' title='bbox 2310 4298 2463 4352; x_wconf 77' lang='lat' dir='ltr'>Boua.</span> <span class='ocrx_word' id='word_1_564' title='bbox 2498 4312 2619 4353; x_wconf 75' lang='lat' dir='ltr'>cum</span> 
     </span>
    </p>
   </div>
  </div>
 </body>
</html>
