3234 4909
838 455 903 502 1..
952 453 1209 502 mmm
1264 453 1483 502 nom
1540 453 1681 502 Lm.
1731 454 1781 498 1.
1829 454 1994 500 cm».
2044 437 2150 500 14.

395 598 809 662 magistratuum,
822 611 974 662 quam
998 596 1041 646 si
1062 596 1236 646 Marte
1259 601 1459 648 tantum

394 674 655 738 congressi
688 680 879 724 essent.
945 673 1105 724 Multi
1144 673 1339 737 quippe
1374 689 1463 738 po·

392 752 501 816 puli
540 766 607 802 ex
640 751 839 816 reliqua
868 750 1027 802 Italis
1059 750 1196 800 bello
1231 765 1349 800 cum
1372 765 1461 814 po-

392 829 519 893 pulo
536 829 767 878 Romano
790 825 1192 891 contenderunt,
1213 832 1269 876 st
1290 827 1461 877 nullus

392 920 545 956 susus
581 904 754 955 fueret
798 905 1055 956 hactenus
1099 909 1282 968 petere
1324 903 1461 968 quod

394 983 568 1033 Latini
606 987 716 1032 tum
753 985 1122 1046 poposcerunt.
1189 978 1335 1029 Nihil
1354 993 1462 1030 mn-

390 1058 613 1110 tavimus
664 1074 731 1110 ex
774 1058 987 1122 antiqua
1024 1057 1287 1120 scriptura
1327 1057 1460 1109 Nu.

392 1135 619 1197 Codicis,
657 1135 755 1186 nisi
778 1133 920 1200 quod
954 1149 1021 1184 ex
1054 1138 1189 1198 aput,
1225 1131 1462 1198 fecimus,

388 1215 442 1261 at
463 1211 531 1262 id.
597 1211 797 1262 Notum
822 1218 904 1262 est
925 1211 1150 1274 criticis,
1172 1210 1359 1276 quibus
1375 1225 1462 1261 ve·

390 1293 530 1338 teres
545 1287 663 1338 libri
686 1287 797 1339 noti
814 1293 957 1350 sunt,
975 1301 1119 1350 saepe
1142 1286 1197 1336 in
1218 1285 1295 1336 his
1312 1302 1347 1351 p
1365 1301 1461 1352 pro

387 1370 409 1413 t
431 1364 687 1429 scriptum
708 1363 948 1428 reperiri,
970 1369 1029 1412 et
1063 1367 1086 1410 t
1120 1376 1216 1427 pro
1252 1364 1303 1411 d.
1352 1363 1461 1412 Sal.

388 1442 547 1504 Atque
554 1440 663 1501 jem
683 1437 918 1503 amplius]
943 1438 1063 1490 Hoc
1080 1451 1283 1488 omnem
1305 1437 1463 1488 ands·

388 1517 523 1567 ciem
546 1516 756 1566 videtur
777 1513 1039 1564 excedere
1064 1514 1239 1576 Floro,
1262 1528 1371 1564 rem
1394 1527 1463 1564 ex

386 1592 630 1642 Romanis
673 1589 855 1640 animis
900 1589 1199 1640 aestimanti.
1280 1590 1353 1641 Et
1402 1605 1461 1642 re

387 1669 501 1731 ipss
523 1667 743 1732 amplius
764 1667 863 1716 hoc
884 1671 985 1728 est,
1014 1679 1166 1730 quum
1189 1666 1458 1732 congredi.

389 1745 528 1795 Nam
547 1745 645 1794 hoe
668 1745 828 1794 etiem
845 1741 1155 1792 infirmiores
1166 1742 1357 1807 soepius
1376 1756 1463 1792 uu·

388 1820 543 1872 dent:
577 1819 596 1848 ‘
614 1819 781 1882 Quin’
818 1820 957 1870 enim
987 1819 1369 1873 ‘resistendum
1391 1819 1461 1872 sit

386 1897 829 1962 impugnantibus,
847 1910 946 1948 nec
977 1910 1065 1947 eos
1086 1895 1295 1963 quidem
1312 1895 1459 1946 dubi·

388 1981 523 2039 tare,
566 1975 653 2040 qui
698 1988 795 2038 spe
839 1973 1077 2025 victoriae
1126 1972 1342 2036 earent‚’
1380 1972 1459 2024 sit

387 2050 728 2100 Mithridates
764 2063 851 2114 sp.
895 2049 1090 2103 Justin.
1126 2054 1210 2100 88.
1243 2054 1294 2102 4.
1317 2055 1363 2101 1.
1396 2049 1456 2100 il·

383 2125 497 2190 lud,
516 2126 773 2192 imperare
796 2125 1055 2190 nimirum,
1088 2131 1149 2176 ut
1169 2126 1225 2176 in
1245 2139 1456 2176 consor-

388 2205 517 2254 tium
538 2202 745 2268 imperii
772 2202 1080 2268 recipiatur,
1116 2217 1223 2254 non
1252 2209 1336 2253 est
1354 2201 1458 2252 nisi

388 2280 522 2345 ejus,
551 2280 639 2345 qui
670 2294 729 2332 se
761 2293 860 2344 pro
898 2278 1032 2343 pari,
1069 2278 1156 2328 vel
1188 2278 1457 2342 superiore

386 2357 542 2420 gerit.
578 2355 669 2406 Fr.
736 2355 991 2406 Pescen-ent
1018 2354 1131 2417 pari
1160 2353 1361 2417 inperio
1403 2367 1456 2403 e-

384 2432 513 2481 tiem
536 2431 705 2496 Ryck.
728 2431 869 2482 Flor.
894 2435 951 2480 et
970 2427 1107 2479 Edd.
1128 2435 1327 2492 praeter
1346 2427 1456 2492 pri-

385 2523 540 2561 mam.
603 2509 762 2573 Atque
781 2507 888 2569 jam
908 2508 961 2557 in
984 2507 1099 2558 Pul.
1122 2511 1170 2556 1.
1194 2513 1252 2557 et
1270 2510 1320 2557 2.
1343 2519 1457 2556 esse

384 2585 572 2637 scribit
592 2585 751 2638 Grut.
778 2584 937 2636 Salm·
967 2582 1053 2634 hic
1091 2588 1232 2648 atque
1268 2583 1453 2643 etiam,-

386 2662 477 2713 sed
514 2663 615 2713 hoe
638 2676 741 2712 non
772 2661 1049 2712 adnotarat
1081 2659 1139 2710 in
1170 2658 1457 2724 exemplari

386 2753 496 2791 suo.
562 2738 629 2788 In
651 2753 754 2790 om.
777 2753 852 2789 sc.
890 2743 947 2788 et
986 2735 1071 2788 ed.
1109 2735 1459 2806 invenietque

372 2815 503 2878 jn,
521 2821 871 2881 pmterqusm
891 2814 947 2863 in
958 2813 1111 2864 Voss.
1122 2817 1172 2864 2.
1189 2812 1279 2877 qui
1299 2811 1461 2862 habet

386 2891 514 2954 apud
550 2905 706 2955 quam.
786 2890 921 2940 Post
955 2889 973 2918 ‘
993 2889 1273 2940 auderent’
1308 2888 1459 2952 posui

385 2966 775 3018 distinctionem
806 2965 1085 3016 maximam
1124 2979 1156 3016 e
1191 2965 1379 3017 Duisb.
1403 2969 1461 3015 et

448 3119 544 3182 §.2
576 3117 1373 3184 Quiscessissehostemmirobitur]
1384 3121 1461 3170 Is-

388 3200 497 3245 tam
517 3195 831 3258 scripturam
861 3208 967 3245 non
1005 3195 1271 3260 impugno.
1337 3197 1461 3246 Non

389 3284 598 3335 possum
622 3281 797 3322 tamen
818 3271 943 3336 quin
962 3283 1197 3320 moneam
1212 3271 1267 3320 in
1290 3272 1459 3336 Ryck.

384 3345 601 3398 haberi:
635 3347 977 3412 quisoecidisse
992 3347 1171 3398 boam
1186 3347 1459 3400 miv-obitur.

386 3425 565 3475 Pleut.
620 3424 859 3489 Amphit.
910 3425 927 3453 ‘
953 3423 1243 3488 crebrique
1286 3423 1459 3476 hostes

386 3498 615 3552 cadunt:
680 3499 838 3551 ovid.
863 3513 963 3550 vu.
984 3499 1121 3550 Met.
1155 3499 1172 3528 ‘
1198 3499 1457 3564 Civilique

385 3574 581 3628 cadunt
600 3575 752 3627 scie?
815 3575 997 3629 Quint.
1030 3575 1047 3604 ⁶
1066 3574 1320 3626 Cecidere
1363 3590 1457 3640 pro

388 3655 593 3720 patris?
658 3655 790 3706 Mox
823 3654 967 3705 idem
1003 3653 1171 3704 codex
1208 3651 1459 3718 occideret,

388 3746 485 3796 pro
530 3745 635 3798 quo
667 3732 741 3798 ‚in
792 3731 1018 3795 vulgatis
1071 3737 1171 3792 est,
1220 3730 1461 3782 occiderit.

387 3807 565 3858 (ἔην.
604 3808 843 3858 eccidisse
864 3808 1023 3858 etiam
1042 3807 1193 3858 Voss.
1207 3810 1257 3856 8.
1278 3820 1457 3859 omnes

387 3886 476 3936 slii
511 3885 719 3936 cessim.
791 3885 969 3934 Cedere
1010 3896 1125 3948 pro,
1164 3883 1323 3949 vinci,
1356 3899 1457 3936 non

388 3961 609 4026 amplius
666 3960 1008 4023 contendere,
1066 3959 1457 4012 usitatissimum

388 4043 471 4088 est
508 4038 745 4088 omnibus
790 4035 1147 4101 scriptoribus.
1215 4037 1357 4089 Flor.
1393 4049 1458 4087 11.

384 4117 435 4162 2.
457 4116 539 4162 25.
574 4114 591 4142 ‘
612 4113 749 4164 Quia
772 4112 1036 4177 Carthago
1061 4126 1164 4162 non
1186 4111 1456 4164 cesserat?

384 4190 456 4240 Et
474 4202 536 4243 11.
556 4193 611 4251 θ,
632 4193 717 4238 61.
748 4188 765 4217 ‘
782 4188 888 4239 Sed
911 4196 1085 4239 tamen
1102 4187 1327 4241 Annibal
1349 4203 1457 4240 ces-

383 4263 489 4315 sit.'
556 4263 679 4314 Vid.
720 4263 957 4316 Freinsh.
994 4265 1047 4314 in
1086 4264 1205 4317 Ind.
1226 4267 1455 4318 Broekh.

386 4340 451 4390 sd
478 4341 723 4407 Propert.
748 4355 785 4391 1.
808 4345 861 4402 9,
876 4345 961 4392 27.
987 4347 1041 4392 et
1064 4341 1129 4394 ad
1152 4341 1199 4394 Τ
1204 4341 1345 4394 ibuu.
1368 4357 1458 4396 nr.

2527 385 2562 422 ἀ

2382 516 2410 551 x
2470 437 2600 501 533

1536 601 1585 660 6,
1607 599 1656 646 4.
1725 596 1967 646 Occiderit
1990 595 2182 646 habent
2215 593 2304 646 alii
2323 610 2424 645 om.
2448 611 2520 648 sc.
2545 601 2602 646 et

1536 671 1622 722 ed.
1692 673 1878 734 Recte,
1897 677 1955 721 ut
1981 670 2211 722 ostendit
2228 685 2392 720 nexus
2414 670 2604 722 oratio·

1536 751 1638 814 nis,
1651 758 1708 801 et
1730 764 1950 815 sequens
1972 752 1987 779 ‘
2008 750 2316 802 devoverit!

1599 826 1739 876 Alter
1757 826 2034 890 Consulum]
2065 825 2318 878 Manlium
2340 825 2604 891 intelligit.

1538 902 1678 952 Nam
1715 901 1932 952 aliorum
1972 902 2038 952 de
2077 901 2379 952 Posthumio
2402 902 2604 966 opinio-

1534 993 1674 1043 nem,
1707 979 1762 1028 in
1797 995 1901 1044 qus
1927 979 2084 1030 etism
2108 978 2395 1040 Diodorus,
2419 983 2498 1030 12.
2519 983 2604 1030 64.

1536 1070 1654 1106 esse
1677 1055 1906 1119 videtur,
1940 1063 1996 1106 et
2035 1063 2120 1107 est
2141 1056 2393 1120 Agmine,
2417 1060 2496 1106 17.
2522 1060 2604 1106 21.

1535 1129 1732 1180 refellit
1752 1130 1950 1195 Livius,
1970 1137 2020 1182 4.
2042 1137 2126 1197 29,
2149 1136 2198 1184 8.
2262 1131 2397 1182 Inde
2419 1146 2606 1196 cogno-

1534 1222 1657 1257 men
1677 1211 1691 1238 ‘
1708 1208 2024 1273 Imperioso’
2048 1211 2220 1260 haesit.
2287 1210 2464 1261 Livius
2479 1211 2604 1259 ibid.

1536 1289 1593 1334 et
1613 1282 1752 1334 Plin.
1773 1288 1858 1335 22.
1880 1291 1930 1336 5.
1995 1286 2130 1336 Vide
2165 1285 2326 1336 etiam
2363 1285 2532 1350 Agell.
2556 1291 2604 1338 9.

1538 1361 1621 1409 13.
1644 1367 1700 1408 et
1721 1359 1987 1413 Plutarch.
2009 1361 2199 1412 Parall.
2216 1377 2345 1428 cap.
2366 1366 2446 1412 12.
2479 1363 2603 1417 sau.

1538 1433 1654 1484 Cat.
1687 1437 1771 1483 52.
1802 1438 1886 1486 27.
1966 1435 2211 1486 Porcium
2247 1437 2460 1488 latren.
2503 1437 2608 1486 De·

1536 1510 1688 1560 clem.
1709 1510 1762 1559 in
1786 1509 1941 1561 Catil.
1979 1511 2196 1577 Dionys.
2227 1517 2276 1564 8.
2295 1516 2378 1564 79.
2415 1514 2602 1566 AElian.

1535 1585 1675 1636 Hist.
1697 1585 1871 1636 Anim.
1902 1590 1981 1636 12.
2001 1589 2084 1650 33,
2103 1591 2150 1638 3.
2185 1587 2276 1638 ubi
2311 1595 2484 1640 tamen
2508 1591 2605 1640 Cs-

1534 1659 1754 1724 pltoliuo
1776 1662 1874 1713 hoc
1891 1661 2100 1727 tribuit,
2117 1660 2266 1714 falso.
2302 1664 2391 1715 Fr.
2433 1665 2602 1716 Nemo

1532 1739 1760 1790 omnium
1811 1739 2156 1804 Scriptorum,
2227 1756 2354 1806 quos
2424 1741 2605 1798 laudat

1533 1813 1768 1868 Freinsh.
1845 1816 1905 1866 Τ.
1946 1815 2220 1880 Manlium,
2259 1819 2327 1868 de
2375 1833 2476 1882 quo
2519 1819 2604 1870 hic

1532 1889 1728 1954 agitur,
1746 1905 1815 1942 ex
1833 1892 1932 1942 hoc
1954 1890 2097 1943 facto
2119 1894 2135 1921 ‘
2155 1893 2432 1958 Imperiosi
2445 1895 2460 1917 ’
2481 1909 2604 1959 cog·

1530 1979 1719 2017 nomen
1767 1968 2034 2033 accepisse
2102 1969 2342 2034 tradidit,
2407 1978 2603 2036 praeter

1530 2055 1692 2092 unum
1714 2037 1916 2093 Livium
1937 2058 2014 2094 xv.
2037 2048 2122 2096 29.
2187 2045 2294 2098 Sed
2314 2047 2516 2096 Livium
2533 2061 2601 2096 ex

1528 2118 1648 2183 ipso
1667 2119 1833 2184 Urio,
1855 2121 1944 2186 qui
1961 2134 2062 2170 vu.
2082 2125 2131 2172 4.
2155 2123 2360 2193 petrem
2380 2122 2526 2188 hujus
2541 2125 2602 2175 Τ.

1529 2194 1740 2260 Manlii,
1775 2197 1836 2247 1..
1857 2196 2133 2263 Manlium,
2169 2199 2235 2250 ob
2258 2198 2508 2251 sevitiam
2547 2198 2602 2253 in

1530 2270 1746 2322 delectu
1761 2272 1816 2322 id
1837 2274 2102 2339 accepisse
2125 2282 2311 2326 tinctor
2331 2281 2432 2338 est,
2447 2273 2603 2324 refel-

1528 2347 1613 2412 lit,
1633 2354 1690 2399 et
1710 2348 1844 2400 filios
1865 2349 2000 2400 illius
2021 2351 2182 2400 etiam
2202 2365 2492 2416 cognomen
2515 2365 2604 2416 ps·

1530 2423 1626 2475 tris
1648 2439 1923 2490 usurpasse
1944 2441 1975 2476 e
2002 2427 2170 2478 Fastis
2193 2427 2424 2478 ostendit
2453 2428 2601 2478 Peri-

1531 2514 1647 2552 zon.
1688 2515 1902 2553 c..v111.
1935 2501 2178 2554 Animad.
2213 2503 2356 2555 ΗΜ.
2391 2519 2448 2569 p.
2485 2507 2600 2558 350.

1531 2573 1684 2627 Idem
1720 2575 1960 2628 viderant
1996 2580 2217 2645 Rupert.
2260 2580 2330 2630 ed
2371 2579 2424 2632 h.
2461 2581 2499 2631 1.
2545 2587 2604 2644 et

1532 2653 1877 2705 Cutilioneus
1915 2656 1982 2706 ad
2016 2657 2141 2706 Sall.
2178 2657 2293 2708 Cat.
2314 2670 2410 2707 nr.
2441 2671 2473 2707 e
2496 2672 2600 2722 quo

1532 2731 1748 2796 aliisque
1770 2731 1835 2782 sd
1870 2731 2079 2784 Sallust.
2103 2741 2318 2784 consuta
2341 2741 2420 2784 est
2443 2733 2602 2782 adno-

1534 2805 1670 2857 tatio
1689 2807 1872 2871 Thysii
1894 2814 1952 2858 et
1968 2807 2152 2860 Oiselii
2169 2810 2236 2860 ad
2254 2810 2397 2862 Geli.
2417 2821 2498 2860 tx.
2524 2815 2622 2878 1³.

1600 2883 1751 2940 Quasi
1789 2885 1899 2948 plus
1939 2885 1994 2934 in
2035 2886 2258 2950 imper-io]
2319 2887 2438 2936 Hoc
2481 2893 2564 2937 est
2585 2904 2600 2936 ε

1531 2961 1698 3014 Quasi
1740 2961 1934 3026 aliquid
1977 2971 2172 3026 praeter
2213 2963 2488 3014 victoriam
2531 2978 2598 3014 ex

1530 3040 1750 3106 imperio
1789 3052 1848 3092 et
1900 3042 2173 3109 disciplina
2213 3043 2600 3108 expectandum

1532 3119 1635 3168 sit:
1670 3120 1760 3168 sed
1783 3120 2002 3183 amplius
2024 3135 2140 3172 esse
2161 3121 2214 3170 in
2237 3135 2300 3170 eo
2319 3121 2488 3170 docet.
2499 3120 2602 3170 iste

1531 3195 1763 3246 Manlius
1781 3212 1868 3261 ep.
1889 3199 2000 3248 Liv.
2016 3203 2066 3248 8.
2087 3203 2138 3261 7,
2157 3201 2238 3248 16.
2262 3205 2318 3248 et
2335 3213 2418 3262 ep.
2441 3198 2598 3248 eund.

1530 3275 1579 3323 8.
1601 3275 1689 3336 34,
1710 3278 1758 3324 2.
1805 3275 1868 3324 1..
1895 3275 2169 3340 Papyrius.
2237 3275 2412 3324 Etiam
2447 3273 2602 3328 Alex.

1530 3347 1668 3412 Imp.
1709 3365 1794 3414 ap.
1833 3352 2099 3415 Lamprid.
2133 3365 2246 3416 cap.
2278 3355 2362 3402 63.
2393 3353 2408 3380 ‘
2431 3352 2605 3402 Disci-

1530 3424 1675 3486 plina
1695 3427 1950 3490 majorum
1985 3427 2258 3490 imperium
2291 3433 2460 3490 tenet,
2481 3443 2597 3492 quoe

1528 3503 1573 3551 si
1602 3501 1882 3562 dilabatur,
1918 3509 1976 3554 et
2013 3519 2200 3555 nomen
2235 3505 2520 3556 Romanum
2543 3512 2600 3554 et

1528 3577 1802 3642 imperium
1825 3579 2156 3630 amittemus?
2191 3581 2280 3631 Fr.
2314 3580 2478 3632 Quasi
2502 3581 2601 3631 uti·

1530 3653 1628 3704 lius
1650 3655 1892 3720 Reipubl.
1911 3663 2067 3719 esset,
2083 3657 2247 3708 sinon
2266 3667 2599 3708 contemnam

1532 3736 1620 3780 tur
1655 3730 1875 3794 imperis
1907 3733 2136 3796 Ducum,
2169 3747 2323 3798 quam
2355 3734 2398 3784 si
2436 3734 2600 3784 victo·

1530 3805 1662 3858 rium
1715 3806 1865 3857 miles
1919 3805 1987 3856 de
2039 3807 2192 3858 hoste
2256 3817 2599 3873 reportasset.

1540 3883 1816 3946 Viromagu-
1839 3899 1924 3949 sp.
1945 3885 2252 3949 Rupertum.
2317 3889 2334 3917 ‘
2355 3887 2484 3936 Plus
2517 3894 2600 3936 est

1530 3959 1583 4008 in
1608 3958 1858 4023 imperio'
1883 3959 2066 4011 eodem
2086 3961 2238 4011 modo
2261 3960 2473 4025 dicitur,
2494 3977 2597 4027 quo

1532 4037 1547 4064 ‘
1572 4035 1768 4090 Omnia
1789 4037 1844 4086 in
1865 4037 1964 4087 hoc
1987 4037 2143 4101 suut,'
2174 4037 2191 4066 ‘
2207 4038 2400 4088 Totum
2423 4036 2477 4087 in
2498 4038 2597 4092 hoc

1530 4113 1649 4175 est,’
1671 4127 1758 4176 sp.
1781 4113 1894 4164 Cic.
1929 4119 1986 4164 et
2023 4113 2170 4176 alios,
2207 4126 2396 4176 nempe
2417 4113 2594 4177 situm,

1530 4188 1619 4237 vel
1637 4189 1888 4252 positum.

1592 4267 1640 4330 §.
1651 4269 1682 4314 3
1695 4265 1833 4316 Alter
1841 4266 1974 4329 quasi
1987 4266 2168 4316 monitu
2181 4265 2420 4330 Deorum]
2432 4265 2596 4319 Immo

1532 4343 1759 4395 Deorum
1781 4343 1980 4395 monitu
1999 4343 2052 4392 id
2076 4341 2270 4395 factum
2295 4343 2471 4394 Livius
2494 4351 2599 4394 tes-
