3234 4909
1191 375 1417 459 nimia
1469 379 1966 434 unnonmms.
2532 367 2666 440 395

481 539 610 592 nos
620 525 948 612 justitiam
973 525 1279 606 dicimus,
1317 528 1445 594 fuit
1482 547 1636 593 cum
1663 526 2061 592 hominibus.
2147 521 2284 590 Sed
2309 529 2664 612 postquam

483 629 788 696 homines
814 629 1202 696 malefacere
1230 635 1597 715 ooeperunt,
1617 629 1667 696 J
1670 629 1821 695 ovis
1842 647 1991 694 eam
2016 629 2191 692 inter
2210 628 2403 712 signa
2414 630 2663 713 posuit.

485 729 656 794 Sunt
675 729 793 812 qui
820 729 1170 813 Erigonem
1199 729 1404 796 Icarii
1443 729 1651 795 filiam
1682 729 2149 794 Atheniensem
2196 727 2441 807 dicunt,
2472 731 2665 815 cujus

341 849 358 874 ⁰
481 831 662 914 patri
677 830 889 916 'Liber
914 833 1142 896 vinum
1163 831 1366 910 dedit,
1385 838 1461 897 ut
1481 831 1861 898 hominibus
1886 831 1975 896 ad
1996 829 2425 896 suavitatem
2452 831 2663 898 daret.

486 927 758 1010 Quibus
795 931 1000 1012 dedit,
1048 933 1284 999 ebriati
1335 937 1509 1013 sunt,
1565 939 1634 998 et
1675 931 2015 1016 lapidibus
2066 951 2217 997 eum
2260 931 2663 1000 occiderunt.

483 1029 714 1112 Oanis,
743 1034 857 1118 qui
908 1053 1062 1099 cum
1099 1034 1217 1099 illo
1247 1041 1414 1114 erat,
1447 1032 1615 1098 vidit
1650 1030 2009 1098 hominem⁶
2047 1032 2367 1111 occisum,
2396 1037 2466 1098 et
2509 1051 2667 1098 cum

481 1134 738 1200 ululatu
759 1134 850 1200 ad
877 1134 1230 1219 Erigonem
1258 1136 1478 1214 rediit,
1505 1155 1705 1219 quem
1732 1139 1801 1202 ut
1816 1141 2133 1201 moestum
2164 1140 2235 1201 et
2260 1135 2667 1220 singularem

481 1233 675 1316 vidit,
705 1237 972 1302 solicita
1007 1237 1454 1322 proficiscitur
1496 1257 1650 1303 cum
1694 1259 1799 1302 eo.
1882 1235 2145 1302 Venere
2185 1235 2273 1302 ad
2302 1237 2521 1302 locum
2547 1236 2667 1302 ubi

480 1330 741 1400 Icarius
756 1337 1048 1420 jacebat.
1125 1337 1316 1404 Vidit
1343 1356 1590 1422 corpus
1615 1338 1849 1421 patris.
1921 1335 2175 1420 Magna
2196 1338 2667 1404 lamentatione

479 1437 546 1502 in
570 1435 894 1521 Hymetto
909 1443 1134 1503 monte
1150 1431 1485 1523 sepelivit.
1573 1436 1743 1521 Ipsa
1756 1456 1918 1502 vero
1942 1455 2018 1502 se
2034 1438 2379 1522 suspendit
2394 1439 2664 1523 laqueo.

481 1535 694 1603 Canis
721 1537 808 1602 ad
851 1539 1058 1622 pedes
1083 1538 1229 1620 ejus
1274 1538 1704 1603 discumbens
1747 1536 2021 1614 diutius,
2048 1544 2119 1602 et
2162 1537 2305 1610 sine
2338 1539 2665 1606 alimentis

481 1637 820 1718 deficiens,
851 1643 1006 1722 post
1033 1655 1278 1722 aquam
1305 1639 1623 1704 anhelans
1650 1637 1721 1702 in
1748 1644 2021 1722 puteum
2044 1657 2119 1702 se
2143 1638 2447 1724 proiecit.
2490 1639 2669 1706 Tum

481 1739 688 1805 Liber
733 1759 776 1806 a
800 1739 980 1806 Jove
1006 1741 1228 1825 petiit,
1259 1740 1436 1825 quod
1484 1759 1608 1806 suo
1636 1740 1915 1824 imperio
1954 1739 2350 1821 deficerent]
2378 1745 2456 1807 ut
2494 1741 2665 1808 inter

480 1839 766 1905 siderum
805 1859 1042 1906 cursus
1068 1846 1420 1925 poneretur
1461 1839 1693 1924 Virgo.
1782 1841 2045 1906 Icarius
2082 1846 2307 1908 autem
2334 1841 2665 1930 Arcturus

477 1937 862 2008 nominatus
888 1947 1015 2020 est,
1035 1943 1228 2028 cujus
1257 1941 1450 2007 stella
1480 1959 1631 2007 cum
1650 1942 1969 2020 exoritur,
2000 1943 2357 2011 continuas
2377 1949 2669 2029 tempes-

475 2049 646 2110 tates
695 2044 882 2110 facit.
971 2041 1205 2122 Canis,
1235 2042 1581 2109 Canicula.
1670 2043 1879 2108 Libra
1906 2063 2115 2125 quam
2159 2043 2390 2111 Graeci
2428 2045 2667 2130 Zygon

480 2145 844 2229 appellant,
890 2145 1078 2211 virile
1121 2165 1364 2230 nomen
1408 2151 1513 2211 est
1553 2143 1863 2229 adeptus.
1950 2143 2027 2210 Is
2069 2146 2253 2210 omni
2296 2147 2667 2212 clementia

467 2247 736 2331 justitia
781 2244 1068 2311 Mochos
1113 2247 1382 2326 dictus;
1427 2245 1546 2328 qui
1588 2245 1843 2328 primus
1883 2243 2129 2310 dicitur
2168 2245 2357 2312 lihrae
2400 2247 2667 2330 pondus

477 2346 856 2413 hominibus
881 2347 1238 2427 invenisse,
1258 2367 1410 2432 quae
1431 2346 1796 2412 utilissima
1817 2347 2209 2414 mortalibus
2230 2347 2663 2427 aestimantur,

477 2447 764 2534 ideoque
812 2450 886 2513 in
927 2467 1264 2514 numerum
1301 2448 1649 2513 stellarum
1694 2455 2005 2531 receptus
2047 2452 2175 2526 est,
2207 2453 2278 2512 et
2318 2446 2529 2514 Libra.
2560 2453 2667 2514 est

478 2549 719 2616 dictus.
805 2550 1154 2636 Scorpius,
1176 2550 1289 2635 qui
1317 2548 1558 2615 dicitur
1571 2549 1662 2614 ad
1682 2548 2039 2634 perniciem
2059 2547 2327 2614 Orionis
2348 2549 2417 2612 in
2444 2549 2667 2615 insula

481 2649 652 2718 Chio
703 2652 778 2716 in
815 2656 1034 2716 monte
1085 2649 1422 2716 Pelenaeo⁸
1465 2651 1802 2716 voluntate
1847 2651 2091 2717 Dianae
2139 2656 2361 2718 natus.
2460 2647 2667 2715 Orion

479 2757 700 2820 autem
728 2751 887 2818 dum
915 2759 1213 2831 venatur,
1254 2751 1404 2816 visa
1433 2750 1675 2831 Diana,
1712 2759 2013 2838 stuprare
2036 2771 2187 2818 eam
2215 2751 2443 2818 voluit.
2530 2750 2667 2816 Illa

479 2852 916 2938 Scorpionem
968 2853 1280 2938 subjecit,
1331 2855 1452 2939 qui
1507 2873 1664 2918 eum
1711 2855 1853 2920 vita
1896 2854 2209 2938 privaret.
2293 2852 2562 2936 Jupiter
2600 2858 2669 2918 et

478 2951 914 3038 Scorpionem
959 2958 1029 3019 et
1065 2952 1380 3019 Orionem
1423 2954 1596 3019 inter
1642 2953 1865 3020 sidera
1891 2955 2163 3040 recepit.
2247 2954 2663 3038 Sagittarius,

481 3051 757 3139 Crotopi
783 3056 986 3135 filius,
1006 3056 1359 3122 nutricius⁹
1385 3053 1757 3135 Musarum,
1774 3075 1929 3142 quae
1959 3054 2185 3122 Musae
2212 3073 2477 3140 semper
2502 3053 2667 3120 dile-

480 3159 718 3218 xerunt
754 3174 928 3234 eum,
959 3155 1142 3239 quod
1169 3155 1418 3240 plausu
1448 3160 1518 3222 et
1552 3157 1707 3222 lusu
1734 3157 2129 3240 sagittarum
2156 3175 2279 3220 eas
2328 3159 2693 3222 avocaret.‘

479 3252 622 3320 Alii
665 3254 1017 3322 Chironem
1047 3255 1298 3334 dicunt,
1328 3255 1510 3339 quod
1544 3255 1773 3340 justus
1815 3265 1886 3322 et
1932 3258 2113 3344 pius,
2144 3257 2405 3336 doctus,
2435 3254 2666 3340 hospi-

1473 3501 1689 3556 1101·AE

545 3635 576 3679 ⁶
610 3629 691 3680 Ad
707 3629 1014 3695 ειιιιυίιωειιι]
1061 3631 1284 3682 Videtur
1306 3629 1535 3697 descrip-
1612 3638 1770 3685 terat.

482 3711 590 3754 tum
607 3719 670 3754 ex
696 3705 910 3770 Hygino
931 3706 1061 3759 Fab.
1077 3719 1249 3758 cxxx.
1281 3707 1384 3758 Ubi
1399 3705 1535 3759 forte
1677 3713 1710 3760 8
1744 3708 1981 3774 Pele-co]
2032 3709 2255 3774 Peliaco,
2289 3710 2373 3761 vel
2396 3711 2634 3762 Pelinaeo
2649 3727 2667 3761 ε

481 3781 608 3831 nihil
629 3782 929 3832 mutandum
951 3789 1048 3834 est.
1608 3785 1823 3837 Sumus.
1860 3785 1928 3836 ad
1971 3786 2131 3838 Solin.
2168 3801 2223 3851 p.
2252 3789 2372 3838 W·
2420 3787 2668 3838 Bocinrt.

545 3863 582 3908 ο
611 3859 889 3924 Hanunea]
937 3860 1196 3912 Βοιιιίιιιιιιι
1217 3861 1320 3912 Hei
1303 3875 1400 3912 1.n⁸
1419 3861 1534 3926 Hy·
1611 3861 1874 3912 chanun.
1896 3875 1941 3912 1.
1960 3865 2009 3912 9.

483 3932 656 3996 ginu
660 3933 848 3985 ‚Potiu
870 3931 915 3983 A
919 3941 996 3985 str
995 3949 1161 3989 onom.
1181 3940 1231 3987 4.
1265 3937 1484 3989 ‘Uinium
1675 3939 1709 3986 9
1744 3935 2105 4002 Crotopifllius,
2120 3935 2375 3999 adficias]
2404 3935 2533 4002 Leg-
2550 3937 2669 3988 Cro-

483 4012 610 4057 uvt
597 4009 696 4131 iide
699 4015 814 4060 retu
814 4022 841 4059 r
879 4008 1076 4060 obitum
1126 4011 1196 4061 do
1197 4011 1320 4062 mini
1303 3952 1532 4076 thetys-
1610 4017 1713 4077 ἐστι,
1741 4015 1999 4078 Euphemes
2018 4015 2237 4065 nutricis.
2290 4013 2385 4062 Mu
2387 4013 2552 4064 ncker
2552 4014 2667 4066 ‚ad

480 4095 570 4130 nra
1613 4089 1811 4152 Hygia.
1866 4087 1991 4139 Fab.
2032 4101 2202 4140 ccxxi
2183 4101 2261 4140 ιν.
2348 4089 2433 4139 No
2402 4102 2469 4139 ou
2505 4103 2565 4140 cr
2540 4091 2665 4141 redo

563 4160 594 4205 7
645 4157 938 4224 Βᾴοεηιιι]
1024 4160 1184 4212 Forte
1237 4161 1344 4221 dees
1343 4167 1533 4212 cerunt.-
1611 4161 1901 4212 ειιοιιιιινΙὶ
1886 4177 1985 4214 iser
2021 4165 2132 4214 ιοίιι
2154 4162 2507 4229 vocemfltius,
2544 4179 2663 4232 qun

485 4247 690 4300 nempe,
722 4251 822 4302 quo
791 4237 858 4287 od
893 4237 1044 4289 illinc
1015 4252 1168 4290 causa
1203 4241 1382 4290 mortis
1401 4239 1534 4290 exti-
1609 4251 1705 4289 cur
1726 4236 1871 4288 deier
1874 4236 1971 4288 ide
1973 4237 2115 4304 beat,
2130 4238 2280 4292 nulla
2296 4253 2447 4294 cauta
2469 4247 2565 4294 est.
