3234 4909
551 321 643 390 26
1463 299 1562 386 nu
1609 335 1854 386 rnoao

555 482 1000 558 Hadrianum,
1031 478 1230 565 cujus
1258 477 1588 566 Epistolae
1607 487 1707 548 ter
1735 485 1854 546 aut
1876 483 2111 565 quater
2132 481 2541 547 mentionem
2568 483 2753 566 apud

556 584 932 652 charisium
959 584 1268 668 reperies,
1287 583 1524 649 scribit
1551 602 1625 648 se
1650 581 1989 668 poematis
2018 581 2353 648 delectari.
2396 582 2755 650 character

555 694 786 752 autem
815 685 1012 752 istius
1053 686 1358 752 historici
1403 686 1788 771 compendii
1816 687 2019 770 plane
2047 683 2360 768 poeticus
2390 690 2516 764 est,
2550 692 2619 750 et
2636 686 2757 752 ho-

555 787 756 854 minis
782 787 852 851 in
880 786 1104 870 poetis
1129 807 1265 852 non
1303 787 1663 854 infeliciter
1690 788 1939 853 versati
1963 809 1982 865 ;
2021 785 2333 871 quamvis
2358 785 2488 850 hoc
2517 806 2757 870 parum

555 890 825 975 probet,
849 889 910 953 si
937 908 1069 953 non
1097 889 1236 954 alia
1265 889 1671 954 accederent.
1760 889 1849 954 Et
1867 890 2099 970 mirum
2110 886 2591 954 Grammaticis
2618 896 2757 954 tam

555 992 846 1056 invisum
890 990 1102 1056 fuisse
1127 989 1256 1056 hoc
1286 1009 1481 1076 opus,
1511 995 1586 1054 ut
1628 1008 1957 1074 nusquam
1984 988 2243 1074 aliquid
2278 1009 2368 1054 ex
2395 1009 2481 1054 eo
2510 991 2597 1055 ad
2626 996 2759 1056 tes·-

555 1094 901 1158 timonium
946 1095 1175 1172 citent,
1221 1113 1376 1158 cum
1413 1099 1480 1160 et
1525 1092 1833 1158 Solinum
1874 1092 2157 1177 saepiuS,
2200 1092 2318 1176 qui
2354 1092 2555 1174 longe
2602 1099 2761 1178 post

555 1199 860 1278 tempora
887 1191 1133 1260 Annaei
1163 1193 1346 1270 Flori
1376 1194 1570 1275 vixit,
1597 1199 1677 1259 ut
1706 1193 1873 1259 alibi
1892 1193 2196 1277 pluribus
2225 1193 2665 1273 ostendemus,
2690 1199 2761 1258 et
2874 1222 2877 1232 ·

547 1295 728 1378 ,alios
757 1315 894 1360 non
941 1297 1340 1362 vetustiores
1387 1301 1500 1361 aut
1527 1297 1837 1362 meliores
1885 1295 2152 1376 Solin0,
2195 1294 2469 1378 scriptis
2492 1295 2659 1373 suiS‚
2688 1299 2760 1360 ut

555 1396 926 1481 locupletes
948 1405 1020 1464 et
1043 1399 1316 1465 idoneos
1346 1405 1573 1479 testes,
1603 1401 1956 1466 advocent.
2729 1457 2737 1464 .

641 1498 778 1564 Sed
821 1501 1130 1584 quisquis
1173 1507 1278 1566 est
1319 1501 1430 1566 hic
1483 1501 1731 1566 Lucius
1760 1499 2067 1566 Annoeus
2108 1502 2370 1580 FloruS,
2402 1511 2597 1586 quem
2627 1518 2761 1565 non

554 1605 692 1666 tam
721 1601 871 1686 ipse
915 1621 1023 1666 me
1067 1604 1322 1668 nescire
1350 1602 1686 1687 profiteor,
1724 1622 1929 1686 quam
1958 1605 2110 1670 aliis
2136 1603 2263 1669 hoc
2306 1603 2530 1686 ipsum
2557 1601 2762 1686 profi·

556 1704 854 1768 tentibus
881 1705 1185 1769 assentiri
1207 1723 1314 1768 me
1330 1703 1570 1768 debere
1599 1705 1846 1786 sentio;
1877 1704 1965 1769 ad
1994 1724 2150 1769 eum
2160 1704 2617 1770 illustrandum
2636 1721 2761 1769 nos

553 1802 848 1886 opellam
878 1825 1166 1888 quoque,
1199 1813 1470 1871 tenuem
1495 1805 1677 1884 licet,
1707 1806 1889 1871 haud
1944 1807 2269 1889 ingratam
2318 1812 2567 1885 tamen,
2604 1825 2763 1871 oon·-

557 1904 856 1985 tulimus,
885 1927 1102 1991 neque
1127 1907 1422 1988 omnino,
1450 1909 1580 1974 nisi
1604 1908 1824 1987 fallor,
1852 1909 2173 1976 inutilem.
2262 1905 2469 1986 Quod
2499 1909 2563 1976 si
2608 1907 2762 1990 quis

555 2005 824 2090 ingenio
863 2015 1089 2076 nostro
1133 2010 1554 2075 tribuendum
1597 2016 1851 2088 censet,
1895 2029 2001 2100 nae
2050 2009 2113 2074 is
2162 2009 2443 2073 multum
2497 2006 2761 2090 fallitur.

557 2107 718 2173 Hoc
749 2111 810 2174 si
840 2117 1040 2190 esset,
1068 2113 1226 2196 quid
1258 2112 1452 2177 nobis
1493 2111 1728 2196 reliqui
1769 2111 1991 2178 facere
2022 2116 2379 2195 potuerunt
2404 2108 2493 2172 ad
2520 2126 2767 2174 novam

555 2209 908 2292 gloriolam
953 2231 1044 2277 ex
1084 2213 1286 2298 hujus
1333 2213 1631 2279 auctoris
1674 2212 2133 2279 emendatione
2163 2209 2611 2296 quaerendam,
2639 2210 2767 2276 viri

547 2331 817 2384 ¹summa
853 2315 1246 2393 auditione,
1277 2333 1539 2380 summo
1567 2315 1837 2396 ingenio
1869 2315 2157 2396 praediti,
2189 2314 2307 2396 qui
2349 2319 2507 2378 ante
2544 2330 2670 2378 nos
2697 2311 2766 2376 iu

557 2413 728 2477 hanc
760 2432 990 2479 curam
1019 2415 1300 2480 feliciter
1329 2415 1693 2480 incubuere
1716 2416 1746 2478 ‘i
1810 2415 1944 2478 Sed
1973 2413 2146 2479 illud
2175 2431 2407 2478 verum
2434 2418 2563 2488 est,
2582 2411 2765 2476 viros

559 2511 748 2593 illos,
779 2520 848 2581 et
895 2517 1163 2598 ingenio
1179 2537 1320 2582 -nos
1363 2522 1434 2581 et
1461 2516 1832 2582 eruditione
1860 2533 2245 2599 superasse3
2272 2531 2399 2578 nos
2423 2514 2587 2578 item
2614 2513 2769 2578 illos

399 2697 404 2701 ι
525 2612 701 2708 ,ἰῆτο
727 2615 1014 2700 quodam
1039 2622 1114 2680 et
1139 2616 1460 2682 felicitate
1484 2615 1685 2699 longe
1712 2617 2173 2693 antecessisse,
2204 2615 2321 2698 qui
2350 2633 2471 2678 eos
2498 2613 2769 2680 codices

553 2715 740 2800 „nacti
771 2735 1026 2794 samue,
1045 2736 1138 2780 ex
1159 2717 1426 2799 quibus,
1446 2716 1633 2800 quod
1663 2717 1966 2780 illi'nulla
1992 2716 2065 2780 vi
2084 2716 2333 2797 ingenii
2358 2716 2509 2798 ipsa
2530 2715 2769 2781 elicere

561 2822 935 2900 potuerunt,
980 2817 1182 2882 facile
1211 2819 1528 2882 eruimus.
1617 2816 1858 2900 Neque
1886 2816 2021 2899 ipsi
2065 2835 2231 2882 sane
2259 2817 2673 2893 fecissemus,
2705 2817 2769 2880 si

561 2937 701 2982 rem
727 2919 928 2982 nobis
953 2918 1022 2980 in
1059 2917 1208 2983 solo
1253 2917 1515 3001 ingenio
1546 2916 1996 2982 voluissemus
2036 2935 2187 2982 esse
2228 2917 2544 3001 positam.
2632 2915 2769 2982 Sed

558 3017 715 3085 haec
740 3019 1082 3086 hactenus.
1171 3017 1372 3086 Nunc
1402 3018 1491 3084 ad
1519 3019 1745 3104 ipsum
1774 3023 2111 3084 auctorem
2140 3020 2582 3103 accingamur.

567 3220 665 3287 Ut
710 3223 958 3286 rectius
995 3221 1470 3306 intelligantur,
1510 3240 1668 3307 quae
1716 3214 1829 3287 hic
1860 3221 2235 3287 Salmasius
2264 3221 2347 3285 de
2379 3219 2667 3302 Prologo
2696 3220 2769 3285 in

651 3324 841 3390 libris
861 3323 1048 3390 Flori
1079 3323 1247 3390 Mss.
1271 3325 1583 3408 disputat,
1612 3343 1653 3388 e
1674 3323 1904 3390 Vineti
1933 3321 2507 3406 Castigationibus
2522 3322 2597 3386 iu
2614 3322 2772 3388 Flo·

651 3446 796 3492 rum
840 3425 992 3492 haec
1039 3424 1478 3491 adscribenda
1504 3424 1693 3490 duxi.
1781 3422 2165 3509 Apponam‚
2213 3421 2396 3508 quod
2430 3428 2590 3508 post
2617 3424 2771 3490 titu-

651 3525 789 3594 lum
829 3527 899 3592 in
929 3529 1460 3600 membranaceis
1485 3527 1835 3598 codicibus
1865 3529 2188 3613 scriptum
2215 3527 2451 3611 reperi.

1361 3759 1613 3844 Incipit
1638 3759 1994 3844 Prologus.
2128 3829 2136 3839 ,

657 3927 858 3994 Anno
899 3927 1093 3996 tertio
1149 3925 1412 3993 decimo
1463 3929 1887 4014 Olympiadis
1934 3926 2187 3994 Lucius
2234 3925 2507 3994 Anneus
2554 3926 2774 3994 Melas

569 4031 775 4097 frater
829 4030 1104 4096 Senecae
1148 4035 1216 4094 et
1257 4028 1588 4096 Gallionis
1630 4032 1806 4096 bona
1850 4030 2103 4100 Lucani
2129 4029 2359 4114 poetae
2411 4028 2535 4095 filii
2578 4030 2687 4096 sui
2729 4051 2774 4096 a

577 4131 844 4203 Nerone
865 4131 1246 4219 promeruit.
1337 4129 1536 4200 Unde
1564 4132 1789 4217 colligi
1830 4136 2057 4218 potest
2082 4130 2129 4198 J
2130 4132 2356 4198 unium
2387 4131 2771 4200 Gallionem
