3234 4909
612 421 744 487 644

610 581 763 647 plura
784 585 905 645 post
922 579 1020 632 boc
1040 579 1255 631 Vesuvii
1288 580 1532 632 incendia
1566 593 1675 631 rne-

608 667 897 712 morantur.
944 661 1114 711 Semel
1136 675 1273 721 curn,
1292 660 1559 725 Procopio
1578 659 1673 710 lib.

606 739 660 787 8.
711 736 947 788 Gottbic.
1002 742 1157 799 teste,
1226 736 1430 786 cineres
1470 737 1672 800 Byzan·

606 813 737 863 tium
760 801 925 878 usque
946 810 1107 863 delati
1142 818 1279 863 sunt.
1344 803 1586 864 Pluvlam
1610 811 1671 860 il·

606 889 707 939 lam
748 889 1011 940 cinereum
1048 887 1215 939 refert
1250 887 1485 940 Cassiod.
1506 892 1555 939 4.
1586 891 1670 939 50.

603 971 660 1016 et
698 965 888 1018 Zonar.
922 971 1045 1017 tom.
1079 970 1127 1016 8.
1162 979 1379 1032 eamque
1412 971 1668 1030 regnante

606 1043 782 1094 Leone
802 1043 998 1108 Magno
1020 1044 1292 1095 accidisse.
1358 1041 1555 1093 Iterum
1577 1043 1670 1092 im-

604 1124 828 1184 perante
869 1120 1213 1171 Constantino
1255 1125 1458 1185 quarto,
1512 1118 1664 1168 Paul.

602 1195 761 1246 Diae.
790 1199 909 1246 o.⁴.
978 1195 1255 1246 Postremo
1291 1209 1428 1245 anno
1465 1199 1665 1258 Χριστο-

599 1269 764 1331 γονίας
782 1273 929 1322 1688.
972 1271 1273 1321 Munsterus
1292 1269 1663 1333 cosmograpb.

600 1345 691 1397 lib.
712 1349 762 1398 2.
794 1351 853 1397 et
889 1353 1067 1396 nostra
1100 1344 1349 1395 memoria
1381 1357 1551 1408 nuper
1572 1357 1664 1392 ex-

600 1430 771 1474 tremo
808 1435 943 1473 auno
980 1425 1128 1474 1681.
1162 1421 1252 1472 Fr·
1314 1419 1577 1470 Morerins
1608 1419 1664 1469 in

600 1499 793 1550 Lexico
816 1499 1101 1549 Vesuvium
1135 1504 1257 1548 ante
1293 1495 1517 1562 Augusti
1540 1503 1665 1546 εω-

599 1579 706 1625 tem
740 1575 1011 1641 quinquies
1045 1573 1233 1625 arsisse
1272 1573 1477 1625 scribit.
1541 1572 1663 1623 Hoc

598 1667 702 1718 quo
724 1658 942 1704 anctore
965 1651 1127 1716 dicat,
1140 1665 1242 1701 nou
1264 1649 1401 1702 scio:
1424 1661 1523 1699 nec
1537 1648 1663 1712 legi,

596 1729 684 1795 qui
702 1735 900 1780 certum
918 1735 1125 1793 tempus
1142 1727 1276 1777 illins
1292 1723 1521 1776 incendii
1536 1732 1662 1774 ante

593 1803 768 1855 ‘ritum
789 1803 1135 1866 adnotaverit,
1169 1809 1363 1868 praeter
1381 1801 1541 1851 Annii
1560 1800 1664 1851 Be-

594 1893 788 1944 rosum,
808 1879 897 1946 qui
920 1880 973 1929 in
995 1880 1148 1930 rebus
1169 1877 1350 1942 Aradi,
1369 1891 1522 1943 quem
1543 1891 1660 1941 sep·

592 1956 777 2007 timum
801 1955 1133 2021 Assyriorum
1158 1955 1357 2018 Regem
1380 1954 1533 2018 facit,
1554 1953 1659 2028 ye-

593 2034 729 2084 suvii
750 2033 1047 2085 incendium
1068 2036 1340 2082 memorat.
1406 2029 1512 2081 Sed
1534 2030 1656 2081 hnic

595 2116 845 2176 quantum
880 2108 1005 2159 fidei
1047 2108 1342 2160 babendum
1377 2107 1467 2170 sit,
1504 2121 1658 2158 nemo

590 2185 817 2250 ignorat.
851 2183 1076 2250 Augusti
1093 2188 1323 2250 tempore
1337 2183 1527 2234 nuliam
1546 2197 1656 2233 cer·

589 2267 699 2312 tam
728 2261 972 2313 notitiam
994 2275 1059 2313 ac
1078 2261 1393 2324 memoriam,
1427 2259 1519 2310 sed
1542 2265 1656 2310 tan-

588 2341 702 2387 tum
712 2335 1036 2388 verosimlles
1051 2337 1295 2401 quasdam
1309 2335 1656 2400 conjecturas,

590 2419 646 2463 et
676 2418 935 2462 vetustam
957 2409 1149 2462 famam
1184 2409 1411 2461 incendii
1431 2410 1653 2460 Vesuvi-

588 2487 675 2537 ani
690 2487 973 2549 exstitisse,
994 2486 1218 2552 intelligi
1234 2491 1409 2552 potest
1426 2500 1457 2536 e
1476 2485 1652 2538 strab.

588 2563 752 2614 Diod.
775 2565 883 2614 Sic.
916 2571 973 2614 et
1004 2564 1213 2613 vitruv.
1252 2562 1342 2628 qui
1380 2577 1446 2614 ea
1486 2569 1650 2614 aetate

584 2635 889 2689 floruerunt.
969 2639 1105 2690 Nam
1140 2639 1326 2690 Strabo
1364 2637 1480 2688 Lib.
1504 2653 1556 2688 v.
1592 2653 1648 2703 p.

584 2715 701 2765 847.
742 2713 945 2776 scribit,
988 2727 1021 2764 e
1062 2711 1221 2778 facie,
1263 2729 1419 2781 quam
1458 2722 1649 2766 vertex

581 2791 775 2842 montis
798 2789 1036 2856 proefert,
1066 2792 1407 2857 cavernisque
1429 2799 1487 2843 et
1505 2793 1648 2844 fistu-

580 2865 662 2929 lis,
695 2882 758 2916 ac
793 2867 1025 2932 lapidum
1058 2869 1232 2919 colore
1265 2869 1457 2933 conjici
1491 2882 1648 2933 posse

582 2955 700 2992 eum
722 2945 952 3008 quondm
970 2943 1161 2996 ardeae.
1225 2945 1294 2995 Et
1316 2945 1471 2995 Diod.
1537 2945 1646 2997 Sic.

581 3017 699 3068 Lib.
724 3031 801 3068 iv.
838 3033 891 3082 p.
916 3023 1028 3070 169.
1060 3021 1227 3070 multa
1260 3035 1379 3070 eum
1413 3020 1644 3073 retinere

578 3093 970 3158 inflammationis
998 3097 1224 3161 pristine
1262 3097 1497 3162 vestigia.
1559 3098 1643 3149 Ac

578 3168 807 3235 denique
828 3172 1032 3225 vitruv.
1055 3187 1117 3222 n.
1140 3177 1192 3222 6.
1227 3186 1342 3223 eum
1377 3177 1393 3204 ⁸
1418 3174 1642 3242 antiqui·

578 3251 661 3295 tus
702 3245 932 3297 flammas
984 3247 1296 3298 evomuisse’
1346 3248 1638 3298 memorari.

577 3319 744 3370 Plane
787 3319 1031 3372 incendia
1062 3323 1280 3372 Vesuvii
1315 3335 1409 3387 per
1443 3322 1644 3386 aliquot

574 3397 768 3447 secula
799 3405 921 3448 ante
958 3397 1250 3463 Augustum
1282 3399 1427 3448 nulla
1461 3395 1640 3459 fuisse,

574 3471 733 3521 ctiam
755 3487 821 3522 ex
844 3487 908 3523 eo
930 3472 1203 3537 probabile
1236 3473 1463 3536 videtur,
1499 3473 1638 3540 qnod

576 3547 753 3598 Livius
796 3547 989 3599 nullam
1028 3563 1244 3614 nsquam
1283 3563 1461 3600 eorum
1494 3565 1639 3600 men·

575 3621 769 3673 tionem
787 3621 950 3675 faeitz
984 3625 1073 3691 qui
1107 3641 1265 3691 quum
1302 3628 1353 3676 in
1388 3627 1638 3692 prodigiis

571 3697 861 3750 referendis
896 3700 963 3751 ad
1006 3703 1431 3766 superstitionem
1472 3717 1638 3768 usque

573 3773 793 3838 diligens
833 3773 921 3836 sit,
952 3789 1061 3825 rem
1102 3785 1207 3826 tam
1246 3777 1635 3828 memorabilem

571 3864 676 3900 non
720 3851 1085 3915 praeteriturns
1126 3849 1285 3902 fuisse
1331 3852 1557 3916 videtur,
1588 3853 1635 3903 si

572 3923 699 3991 quid
739 3925 807 3976 de
844 3941 911 3977 ea
944 3927 996 3977 in
1026 3927 1249 3979 vetustis
1286 3929 1634 3979 monumentis

574 3999 836 4065 proditum
859 4001 1161 4066 invenisset,
1177 4003 1262 4054 vel
1284 4003 1475 4069 alioqui
1496 4003 1634 4056 fama

573 4077 839 4142 cognitum
857 4078 1138 4130 habuisset.
1178 4078 1317 4130 Add.
1336 4080 1543 4131 Cluver.
1556 4095 1634 4133 tv·

572 4151 697 4201 Ital.
726 4152 848 4204 Ant.
865 4157 915 4204 4.
949 4161 1005 4206 et
1024 4156 1133 4208 Jul.
1154 4157 1285 4207 Caes.
1319 4157 1633 4221 Recupitum

574 4227 627 4276 in
652 4227 810 4280 Libro
834 4228 899 4280 de
918 4229 1173 4283 lucendio
1190 4232 1377 4282 vesuv.
1404 4246 1457 4296 p.
1475 4237 1556 4283 69.
1580 4239 1634 4284 et

1308 433 1525 486 NOTAE
1572 435 1670 485 vA
1684 435 1912 486 tuom]
1925 437 1977 485 M
2030 435 2110 485 m
2126 437 2144 450 '

1751 592 1898 646 seqq.
1965 579 2112 632 Nihil
2151 577 2374 629 interest
2399 577 2629 629 Vesuvius
2665 577 2814 644 iega-

1749 661 1838 706 tnr
1859 670 1926 706 an
1955 657 2180 707 ἢκουσε
2209 655 2304 706 sed
2325 655 2424 705 boc
2453 653 2648 719 recepi,
2669 655 2814 720 qnod

1746 731 1836 781 vix
1879 739 2056 796 potest
2096 745 2212 781 esse
2253 746 2287 781 a
2333 729 2538 781 scribis.
2616 729 2688 780 Et
2731 728 2814 780 ita

1747 809 1990 874 placebat
2009 809 2138 860 Ger.
2151 807 2358 858 vossio.

1807 889 1902 952 §.6
1925 885 2156 950 Fau-naa]
2178 885 2316 936 Urbs
2331 882 2812 948 Campanioe,priua

1745 961 1764 994 ‘
1785 962 2044 1014 Hormiae’
2065 963 2226 1012 dicta.
2275 959 2468 1011 Strabo
2487 960 2579 1011 lib.
2595 965 2647 1010 6.
2669 959 2812 1010 Plin.

1741 1043 1791 1090 8.
1830 1045 1881 1090 6.
1918 1039 2262 1105 quadraginta
2299 1036 2485 1088 stadiis
2530 1052 2564 1087 a
2599 1036 2806 1090 caieta.

1740 1116 2017 1168 Cluverius
2049 1117 2180 1167 illud
2213 1117 2382 1180 ipsum
2415 1113 2668 1179 oppidum
2687 1127 2835 1164 esse·

1740 1198 1992 1258 autumat,
2007 1193 2145 1258 quod
2165 1191 2320 1243 bodie
2337 1191 2472 1241 Mola
2485 1190 2692 1242 dicitur.
2715 1191 2806 1241 Fr·

1804 1270 1994 1335 cm]
2021 1269 2386 1321 Vetustissima
2405 1274 2464 1319 et
2487 1266 2806 1330 nobilissima

1737 1345 1938 1410 civitas,
2001 1361 2034 1396 a
2091 1345 2520 1398 Chalcidensibus
2573 1343 2806 1402 condita,

1737 1426 1876 1471 teste
1895 1421 2118 1487 Velleio,
2151 1424 2202 1472 1.
2236 1425 2290 1485 4,
2326 1425 2379 1471 2.
2413 1425 2470 1472 et
2497 1420 2672 1472 Sti-ab.
2707 1420 2802 1472 lib.

1736 1501 1784 1546 6.
1820 1497 1896 1548 Id.

1801 1573 2016 1638 Puteoli]
2049 1573 2191 1626 ‘Urbs
2221 1574 2556 1639 Campaniam
2590 1573 2800 1625 Averno

1737 1647 1805 1698 ab
1828 1663 2018 1700 occasu
2040 1649 2291 1713 abluitur,
2321 1649 2388 1700 ab
2416 1655 2536 1700 ortu
2559 1649 2693 1712 sinu,
2709 1651 2800 1700 cui

1734 1724 1751 1752 ‘
1771 1725 2090 1776 Puteolano’
2123 1740 2308 1778 nomen
2327 1726 2498 1790 dedit,
2535 1725 2651 1790 ipsa
2673 1726 2799 1777 olim

1735 1800 1753 1832 ⁸
1771 1801 2120 1854 Dicaearchia'
2135 1802 2278 1855 dicta
2294 1801 2414 1866 fuit,
2425 1816 2454 1852 a
2463 1801 2676 1867 justitia
2689 1815 2800 1854 man

1735 1876 2070 1943 gistratuum‚
2093 1885 2230 1929 teste
2244 1877 2516 1937 Strabone,
2532 1877 2744 1929 condita
2763 1895 2798 1930 a

1731 1953 1938 2018 Samiis,
1975 1962 2108 2006 teste
2131 1955 2380 2018 Eusebio,
2413 1955 2592 2019 primis
2617 1955 2796 2008 Romu!

1731 2029 1878 2080 Coss.
1901 2030 2070 2081 Bruto
2093 2040 2149 2083 et
2167 2031 2446 2083 Collatino.
2493 2030 2628 2082 Inde
2650 2045 2682 2082 a
2703 2047 2799 2097 pn·

1729 2112 1845 2157 tore
1867 2107 2164 2174 sulphureo,
2195 2123 2350 2173 quem
2376 2122 2524 2174 aqna
2549 2115 2792 2173 tepentes

1727 2183 1991 2246 exhalant,
2024 2185 2041 2214 ‘
2062 2183 2302 2234 Puteoli'
2323 2185 2429 2235 dici
2451 2185 2632 2250 coepit,
2653 2193 2792 2236 teste

1723 2257 1900 2310 Strab.
1940 2259 2034 2309 lib.
2058 2265 2109 2310 6.
2147 2266 2205 2310 et
2239 2260 2411 2310 Festo.
2459 2259 2572 2325 [Sic
2607 2259 2792 2312 Ozola

1725 2333 1878 2385 Locri
1895 2348 1983 2401 ap.
1999 2335 2227 2387 Pausan-
2247 2351 2301 2401 p.
2320 2339 2434 2387 686.
2455 2336 2563 2399 10.]
2583 2336 2690 2387 Alii
2715 2343 2794 2389 ta·

1725 2423 1846 2460 men
1883 2409 1970 2477 (nt
1993 2412 2162 2463 Varro
2183 2411 2274 2463 lib.
2298 2416 2349 2463 4.
2382 2411 2449 2462 de
2468 2411 2620 2478 Ling.
2645 2413 2794 2480 Lat.)

1727 2500 1760 2534 a
1797 2493 2070 2549 puteorum
2104 2486 2400 2554 frequentia
2433 2489 2561 2540 illud
2603 2504 2794 2542 nomen

1723 2559 1960 2613 faciuntz
1991 2563 2146 2613 bodie
2169 2563 2405 2614 Panaolo
2438 2579 2568 2616 voce
2603 2581 2791 2632 parum

1721 2636 1924 2688 deflexa
1968 2638 2179 2690 dicitur.
2216 2641 2354 2690 θεαὶ.
2419 2639 2595 2706 Hujus
2641 2642 2790 2693 urbis

1722 2713 1988 2766 historiam
2025 2716 2304 2783 descripsit
2339 2717 2448 2771 Jnl.
2477 2718 2655 2770 Caesar
2687 2719 2790 2771 Ca-

1723 2793 1921 2855 pacius.
1955 2795 2044 2844 Fr.

1787 2867 2160 2933 Herculaneum]
2193 2867 2280 2920 Sic
2316 2867 2562 2919 scribitur
2593 2867 2692 2919 boc
2727 2877 2786 2921 et

1721 2955 1808 3008 ap.
1831 2945 1946 2995 Liv-
1967 2953 2102 2996 extr.
2122 2945 2256 2996 libro
2277 2945 2508 2995 decimo:
2541 2945 2678 3011 quod
2701 2953 2790 2997 eat

1718 3019 1736 3049 ‘
1762 3020 2168 3086 Herculaniumss
2215 3021 2239 3070 i
2281 3035 2378 3085 pro
2419 3036 2446 3071 c
2497 3022 2786 3086 penultima

1719 3095 1940 3160 syllaba,
1963 3113 2049 3162 ap.
2073 3097 2214 3147 Plin.
2237 3101 2286 3147 8.
2311 3102 2361 3147 6.
2393 3093 2672 3160 *Ἡράκλειον
2692 3112 2786 3147 vo-

1718 3177 1805 3221 cat
1861 3173 2068 3231 Strabo,
2112 3169 2250 3220 libro
2297 3175 2346 3220 6.
2393 3170 2536 3236 qnod
2591 3183 2784 3221 nomen

1717 3243 1854 3294 idern
1897 3243 2160 3310 siguificat
2201 3259 2316 3296 cum
2355 3247 2373 3275 ‘
2409 3245 2786 3297 Herculaneo:

1717 3319 1851 3370 Nam
1869 3319 1936 3370 ab
1950 3321 2301 3386 Hercule,qui
2323 3321 2526 3373 Groecis
2543 3323 2785 3386 Ἡρακλῆς

1715 3393 1928 3458 dicitur,
1948 3394 2090 3446 facta
2119 3396 2136 3424 ‘
2158 3395 2485 3462 Herculeusss
2516 3404 2574 3448 et
2601 3399 2620 3427 ⁶
2643 3398 2785 3448 Her-

1715 3473 1998 3538 culaneus,'
2014 3474 2153 3525 idem
2175 3483 2318 3536 sunt,
2332 3474 2469 3540 quod
2487 3471 2786 3540 Ἡράκλειος,

1713 3563 1900 3599 nomen
1920 3549 1988 3600 ab
2011 3551 2098 3600 illo
2119 3549 2356 3614 Ἡρακλῆς
2373 3550 2697 3602 derivatum:
2719 3560 2782 3604 et

1710 3639 1826 3688 quoe
1847 3625 2074 3690 Grecis,
2101 3623 2385 3690 Ἡράκλεια,
2419 3625 2474 3675 id
2493 3633 2593 3692 est,
2625 3627 2643 3656 ⁸
2665 3627 2782 3678 He·

1712 3703 1940 3768 racleae,'
1986 3705 2098 3755 sive
2135 3706 2152 3734 ⁸
2185 3704 2488 3767 Heracliae,'
2535 3705 2780 3757 civitates

1711 3779 2060 3843 appellantur,
2095 3795 2183 3830 eas
2226 3787 2370 3833 recte
2403 3781 2420 3812 ‘
2441 3781 2781 3845 Herculeas?

1711 3859 1766 3902 et
1781 3853 1798 3882 ‘
1817 3853 2213 3919 Herculaneas,’
2233 3854 2410 3907 dicere
2427 3859 2612 3922 possis.
2645 3857 2780 3908 Fue-

1709 3935 1832 3978 runt
1865 3935 2036 3979 autem
2068 3931 2150 3980 lm
2181 3932 2378 3983 multae.
2441 3932 2641 3997 Viginti
2663 3940 2776 3984 tres

1707 4012 1947 4056 numerat
2010 4007 2326 4072 Stephanus,
2387 4023 2604 4074 quarum
2667 4021 2776 4060 una

1707 4080 2002 4144 Campaniae
2033 4081 2118 4132 hic
2152 4082 2433 4134 celebrata.
2475 4085 2584 4134 Via.
2649 4083 2777 4136 Fuit

1709 4162 1882 4206 autem
1905 4157 2028 4207 urbs
2049 4157 2162 4207 haee
2185 4157 2414 4210 Vesuvio
2449 4160 2612 4211 monti
2645 4161 2774 4210 vici-

1704 4245 1792 4296 na,
1821 4232 1888 4283 ad
1923 4247 2162 4284 occasum
2193 4247 2296 4284 non
2331 4237 2486 4300 louge
2511 4253 2542 4286 a
2575 4237 2771 4288 Leuco-
