<?xml version="1.0" encoding="UTF-8"?>
<!DOCTYPE html PUBLIC "-//W3C//DTD XHTML 1.0 Transitional//EN"
    "http://www.w3.org/TR/xhtml1/DTD/xhtml1-transitional.dtd">
<html xmlns="http://www.w3.org/1999/xhtml" xml:lang="en" lang="en">
 <head>
  <title>
</title>
<meta http-equiv="Content-Type" content="text/html;charset=utf-8" />
  <meta name='ocr-system' content='tesseract 3.04.00' />
  <meta name='ocr-capabilities' content='ocr_page ocr_carea ocr_par ocr_line ocrx_word'/>
</head>
<body>
  <div class='ocr_page' id='page_1' title='image "./lannaeifloriepi00unkngoog/lannaeifloriepi00unkngoog_0015.png"; bbox 0 0 3234 4909; ppageno 0'>
   <div class='ocr_carea' id='block_1_1' title="bbox 1251 386 2659 451">
    <p class='ocr_par' dir='ltr' id='par_1_1' title="bbox 1251 386 2659 451">
     <span class='ocr_line' id='line_1_1' title="bbox 1251 386 2659 451; baseline -0.001 -13"><span class='ocrx_word' id='word_1_1' title='bbox 1251 416 1260 427; x_wconf 81' lang='lat'><strong>·</strong></span> <span class='ocrx_word' id='word_1_2' title='bbox 1363 390 1779 441; x_wconf 61' lang='lat' dir='ltr'><strong>ramur-10.</strong></span> <span class='ocrx_word' id='word_1_3' title='bbox 2616 386 2659 451; x_wconf 78' lang='lat'><strong>7</strong></span> 
     </span>
    </p>
   </div>
   <div class='ocr_carea' id='block_1_2' title="bbox 443 530 2665 4069">
    <p class='ocr_par' dir='ltr' id='par_1_2' title="bbox 463 530 2665 1217">
     <span class='ocr_line' id='line_1_2' title="bbox 463 530 2663 616; baseline 0.005 -19"><span class='ocrx_word' id='word_1_4' title='bbox 463 530 728 616; x_wconf 84' lang='lat' dir='ltr'><strong>possis:</strong></span> <span class='ocrx_word' id='word_1_5' title='bbox 801 550 954 615; x_wconf 81' lang='lat' dir='ltr'><strong>age,</strong></span> <span class='ocrx_word' id='word_1_6' title='bbox 1010 546 1408 615; x_wconf 85' lang='lat' dir='ltr'><strong>componere</strong></span> <span class='ocrx_word' id='word_1_7' title='bbox 1461 534 1883 602; x_wconf 73' lang='lat' dir='ltr'><strong>instituamus</strong></span> <span class='ocrx_word' id='word_1_8' title='bbox 1938 534 2279 605; x_wconf 72' lang='lat' dir='ltr'><strong>historiam</strong></span> <span class='ocrx_word' id='word_1_9' title='bbox 2348 540 2663 609; x_wconf 86' lang='lat' dir='ltr'><strong>librorum</strong></span> 
     </span>
     <span class='ocr_line' id='line_1_3' title="bbox 469 632 2665 721; baseline 0.005 -23"><span class='ocrx_word' id='word_1_10' title='bbox 469 632 682 709; x_wconf 83' lang='lat' dir='ltr'><strong>Flori,</strong></span> <span class='ocrx_word' id='word_1_11' title='bbox 709 632 946 699; x_wconf 87' lang='lat' dir='ltr'><strong>eodem</strong></span> <span class='ocrx_word' id='word_1_12' title='bbox 993 632 1218 711; x_wconf 89' lang='lat' dir='ltr'><strong>modo,</strong></span> <span class='ocrx_word' id='word_1_13' title='bbox 1265 652 1397 717; x_wconf 85' lang='lat' dir='ltr'><strong>quo</strong></span> <span class='ocrx_word' id='word_1_14' title='bbox 1443 653 1616 701; x_wconf 84' lang='lat' dir='ltr'><strong>anno</strong></span> <span class='ocrx_word' id='word_1_15' title='bbox 1656 636 1999 719; x_wconf 73' lang='lat' dir='ltr'><strong>superiore</strong></span> <span class='ocrx_word' id='word_1_16' title='bbox 2029 638 2325 721; x_wconf 86' lang='lat' dir='ltr'><strong>origines</strong></span> <span class='ocrx_word' id='word_1_17' title='bbox 2348 640 2665 709; x_wconf 86' lang='lat' dir='ltr'><strong>librorum</strong></span> 
     </span>
     <span class='ocr_line' id='line_1_4' title="bbox 471 732 2663 818; baseline 0.005 -19"><span class='ocrx_word' id='word_1_18' title='bbox 471 732 762 799; x_wconf 85' lang='lat' dir='ltr'><strong>Cornelii</strong></span> <span class='ocrx_word' id='word_1_19' title='bbox 808 732 1101 817; x_wconf 78' lang='lat' dir='ltr'><strong>Nepotis</strong></span> <span class='ocrx_word' id='word_1_20' title='bbox 1149 734 1600 816; x_wconf 81' lang='lat' dir='ltr'><strong>narravimus3</strong></span> <span class='ocrx_word' id='word_1_21' title='bbox 1667 739 2029 818; x_wconf 73' lang='lat' dir='ltr'><strong>praesertim</strong></span> <span class='ocrx_word' id='word_1_22' title='bbox 2076 756 2231 803; x_wconf 90' lang='lat' dir='ltr'><strong>cum</strong></span> <span class='ocrx_word' id='word_1_23' title='bbox 2287 740 2663 809; x_wconf 87' lang='lat' dir='ltr'><strong>institutum</strong></span> 
     </span>
     <span class='ocr_line' id='line_1_5' title="bbox 464 831 2663 929; baseline 0.006 -30"><span class='ocrx_word' id='word_1_24' title='bbox 464 835 596 900; x_wconf 84' lang='lat' dir='ltr'><strong>hoc</strong></span> <span class='ocrx_word' id='word_1_25' title='bbox 619 840 918 899; x_wconf 82' lang='lat' dir='ltr'><strong>nostrum</strong></span> <span class='ocrx_word' id='word_1_26' title='bbox 946 831 1134 899; x_wconf 87' lang='lat' dir='ltr'><strong>Viris</strong></span> <span class='ocrx_word' id='word_1_27' title='bbox 1164 833 1404 913; x_wconf 87' lang='lat' dir='ltr'><strong>doctis,</strong></span> <span class='ocrx_word' id='word_1_28' title='bbox 1429 854 1648 918; x_wconf 86' lang='lat' dir='ltr'><strong>neque</strong></span> <span class='ocrx_word' id='word_1_29' title='bbox 1676 836 1813 901; x_wconf 88' lang='lat' dir='ltr'><strong>illis</strong></span> <span class='ocrx_word' id='word_1_30' title='bbox 1834 838 2124 920; x_wconf 88' lang='lat' dir='ltr'><strong>cupidis,</strong></span> <span class='ocrx_word' id='word_1_31' title='bbox 2140 860 2277 907; x_wconf 86' lang='lat' dir='ltr'><strong>non</strong></span> <span class='ocrx_word' id='word_1_32' title='bbox 2304 842 2663 929; x_wconf 75' lang='lat' dir='ltr'><strong>displicere</strong></span> 
     </span>
     <span class='ocr_line' id='line_1_6' title="bbox 465 916 2662 1031; baseline 0.006 -33"><span class='ocrx_word' id='word_1_33' title='bbox 465 935 778 999; x_wconf 88' lang='lat' dir='ltr'><strong>sciamus.</strong></span> <span class='ocrx_word' id='word_1_34' title='bbox 867 931 1228 1000; x_wconf 76' lang='lat' dir='ltr'><strong>Ordiamur</strong></span> <span class='ocrx_word' id='word_1_35' title='bbox 1252 934 1455 1018; x_wconf 89' lang='lat' dir='ltr'><strong>igitur</strong></span> <span class='ocrx_word' id='word_1_36' title='bbox 1481 935 1709 1001; x_wconf 84' lang='lat' dir='ltr'><strong>dicere</strong></span> <span class='ocrx_word' id='word_1_37' title='bbox 1736 935 1822 1001; x_wconf 88' lang='lat' dir='ltr'><strong>de</strong></span> <span class='ocrx_word' id='word_1_38' title='bbox 1848 938 2039 1005; x_wconf 87' lang='lat' dir='ltr'><strong>libris</strong></span> <span class='ocrx_word' id='word_1_39' title='bbox 2060 916 2325 1007; x_wconf 78' lang='lat' dir='ltr'><strong>calamo</strong></span> <span class='ocrx_word' id='word_1_40' title='bbox 2350 945 2662 1031; x_wconf 86' lang='lat' dir='ltr'><strong>scriptis:</strong></span> 
     </span>
     <span class='ocr_line' id='line_1_7' title="bbox 467 1032 2659 1121; baseline 0.005 -20"><span class='ocrx_word' id='word_1_41' title='bbox 467 1032 708 1101; x_wconf 86' lang='lat' dir='ltr'><strong>deinde</strong></span> <span class='ocrx_word' id='word_1_42' title='bbox 757 1034 1102 1101; x_wconf 82' lang='lat' dir='ltr'><strong>veniamus</strong></span> <span class='ocrx_word' id='word_1_43' title='bbox 1153 1034 1240 1100; x_wconf 85' lang='lat' dir='ltr'><strong>ad</strong></span> <span class='ocrx_word' id='word_1_44' title='bbox 1291 1036 1525 1103; x_wconf 86' lang='lat' dir='ltr'><strong>editos.</strong></span> <span class='ocrx_word' id='word_1_45' title='bbox 1589 1036 1797 1121; x_wconf 89' lang='lat' dir='ltr'><strong>[Vide</strong></span> <span class='ocrx_word' id='word_1_46' title='bbox 1826 1038 2251 1109; x_wconf 67' lang='lat' dir='ltr'><strong>Recensum</strong></span> <span class='ocrx_word' id='word_1_47' title='bbox 2306 1043 2659 1113; x_wconf 73' lang='lat' dir='ltr'><strong>Conicuu</strong></span> 
     </span>
     <span class='ocr_line' id='line_1_8' title="bbox 467 1136 1292 1217; baseline 0.002 -16"><span class='ocrx_word' id='word_1_48' title='bbox 467 1153 566 1201; x_wconf 73' lang='grc' dir='ltr'><strong>ΒΤ</strong></span> <span class='ocrx_word' id='word_1_49' title='bbox 596 1136 1040 1203; x_wconf 72' lang='lat' dir='ltr'><strong>Eumenen</strong></span> <span class='ocrx_word' id='word_1_50' title='bbox 1069 1136 1292 1217; x_wconf 64' lang='lat' dir='ltr'><strong>infra]</strong></span> 
     </span>
    </p>

    <p class='ocr_par' dir='ltr' id='par_1_3' title="bbox 443 1236 2661 4069">
     <span class='ocr_line' id='line_1_9' title="bbox 554 1236 2658 1325; baseline 0.005 -22"><span class='ocrx_word' id='word_1_51' title='bbox 554 1238 798 1304; x_wconf 84' lang='lat' dir='ltr'><strong>Restat</strong></span> <span class='ocrx_word' id='word_1_52' title='bbox 824 1244 900 1304; x_wconf 88' lang='lat' dir='ltr'><strong>ut</strong></span> <span class='ocrx_word' id='word_1_53' title='bbox 924 1240 1126 1303; x_wconf 88' lang='lat' dir='ltr'><strong>etiam</strong></span> <span class='ocrx_word' id='word_1_54' title='bbox 1150 1238 1234 1303; x_wconf 89' lang='lat' dir='ltr'><strong>de</strong></span> <span class='ocrx_word' id='word_1_55' title='bbox 1259 1244 1494 1303; x_wconf 86' lang='lat' dir='ltr'><strong>nostra</strong></span> <span class='ocrx_word' id='word_1_56' title='bbox 1519 1236 1651 1305; x_wconf 84' lang='lat' dir='ltr'><strong>hac</strong></span> <span class='ocrx_word' id='word_1_57' title='bbox 1676 1238 1973 1305; x_wconf 80' lang='lat' dir='ltr'><strong>editione</strong></span> <span class='ocrx_word' id='word_1_58' title='bbox 1993 1240 2311 1325; x_wconf 78' lang='lat' dir='ltr'><strong>quoedam</strong></span> <span class='ocrx_word' id='word_1_59' title='bbox 2336 1239 2658 1313; x_wconf 74' lang='lat' dir='ltr'><strong>dicantur.</strong></span> 
     </span>
     <span class='ocr_line' id='line_1_10' title="bbox 461 1338 2657 1428; baseline 0.004 -23"><span class='ocrx_word' id='word_1_60' title='bbox 461 1338 962 1405; x_wconf 78' lang='lat' dir='ltr'><strong>Adornavimus</strong></span> <span class='ocrx_word' id='word_1_61' title='bbox 988 1339 1188 1423; x_wconf 85' lang='lat' dir='ltr'><strong>igitur</strong></span> <span class='ocrx_word' id='word_1_62' title='bbox 1213 1358 1386 1418; x_wconf 88' lang='lat' dir='ltr'><strong>eam,</strong></span> <span class='ocrx_word' id='word_1_63' title='bbox 1413 1344 1649 1425; x_wconf 85' lang='lat' dir='ltr'><strong>rogatu</strong></span> <span class='ocrx_word' id='word_1_64' title='bbox 1675 1339 1959 1419; x_wconf 87' lang='lat' dir='ltr'><strong>librarii,</strong></span> <span class='ocrx_word' id='word_1_65' title='bbox 1988 1340 2141 1407; x_wconf 86' lang='lat' dir='ltr'><strong>Viri</strong></span> <span class='ocrx_word' id='word_1_66' title='bbox 2171 1362 2295 1409; x_wconf 90' lang='lat' dir='ltr'><strong>suo</strong></span> <span class='ocrx_word' id='word_1_67' title='bbox 2322 1345 2394 1408; x_wconf 86' lang='lat' dir='ltr'><strong>in</strong></span> <span class='ocrx_word' id='word_1_68' title='bbox 2420 1364 2657 1428; x_wconf 87' lang='lat' dir='ltr'><strong>genere</strong></span> 
     </span>
     <span class='ocr_line' id='line_1_11' title="bbox 461 1441 2659 1527; baseline 0.002 -20"><span class='ocrx_word' id='word_1_69' title='bbox 461 1442 1002 1526; x_wconf 76' lang='lat' dir='ltr'><strong>praestantissimi</strong></span> <span class='ocrx_word' id='word_1_70' title='bbox 1049 1445 1254 1527; x_wconf 85' lang='lat' dir='ltr'><strong>atque</strong></span> <span class='ocrx_word' id='word_1_71' title='bbox 1303 1442 1566 1527; x_wconf 88' lang='lat' dir='ltr'><strong>optimi,</strong></span> <span class='ocrx_word' id='word_1_72' title='bbox 1627 1441 1759 1507; x_wconf 88' lang='lat' dir='ltr'><strong>hoc</strong></span> <span class='ocrx_word' id='word_1_73' title='bbox 1805 1447 1932 1521; x_wconf 81' lang='lat' dir='ltr'><strong>est,</strong></span> <span class='ocrx_word' id='word_1_74' title='bbox 1988 1444 2277 1509; x_wconf 85' lang='lat' dir='ltr'><strong>salutem</strong></span> <span class='ocrx_word' id='word_1_75' title='bbox 2319 1444 2659 1512; x_wconf 86' lang='lat' dir='ltr'><strong>literarum</strong></span> 
     </span>
     <span class='ocr_line' id='line_1_12' title="bbox 463 1542 2659 1631; baseline 0.002 -23"><span class='ocrx_word' id='word_1_76' title='bbox 463 1543 1056 1629; x_wconf 78' lang='lat' dir='ltr'><strong>studiosorumque</strong></span> <span class='ocrx_word' id='word_1_77' title='bbox 1099 1542 1454 1609; x_wconf 85' lang='lat' dir='ltr'><strong>commoda</strong></span> <span class='ocrx_word' id='word_1_78' title='bbox 1494 1542 1947 1607; x_wconf 86' lang='lat' dir='ltr'><strong>describendis</strong></span> <span class='ocrx_word' id='word_1_79' title='bbox 1998 1544 2273 1627; x_wconf 89' lang='lat' dir='ltr'><strong>optimis</strong></span> <span class='ocrx_word' id='word_1_80' title='bbox 2316 1546 2659 1631; x_wconf 81' lang='lat' dir='ltr'><strong>utriusque</strong></span> 
     </span>
     <span class='ocr_line' id='line_1_13' title="bbox 457 1641 2659 1731; baseline 0.001 -21"><span class='ocrx_word' id='word_1_81' title='bbox 457 1646 711 1727; x_wconf 74' lang='lat' dir='ltr'><strong>linguae</strong></span> <span class='ocrx_word' id='word_1_82' title='bbox 741 1652 1092 1709; x_wconf 82' lang='lat' dir='ltr'><strong>auctorum</strong></span> <span class='ocrx_word' id='word_1_83' title='bbox 1120 1642 1454 1727; x_wconf 85' lang='lat' dir='ltr'><strong>exemplis</strong></span> <span class='ocrx_word' id='word_1_84' title='bbox 1480 1642 1709 1709; x_wconf 86' lang='lat' dir='ltr'><strong>tuendi</strong></span> <span class='ocrx_word' id='word_1_85' title='bbox 1738 1648 1807 1708; x_wconf 90' lang='lat' dir='ltr'><strong>et</strong></span> <span class='ocrx_word' id='word_1_86' title='bbox 1846 1641 2205 1731; x_wconf 81' lang='lat' dir='ltr'><strong>adjuvandi</strong></span> <span class='ocrx_word' id='word_1_87' title='bbox 2241 1646 2659 1729; x_wconf 83' lang='lat' dir='ltr'><strong>cupidissimi</strong></span> 
     </span>
     <span class='ocr_line' id='line_1_14' title="bbox 459 1742 2657 1829; baseline 0 -16"><span class='ocrx_word' id='word_1_88' title='bbox 459 1752 532 1812; x_wconf 88' lang='lat' dir='ltr'><strong>et</strong></span> <span class='ocrx_word' id='word_1_89' title='bbox 555 1746 1058 1824; x_wconf 84' lang='lat' dir='ltr'><strong>studiosissimi,</strong></span> <span class='ocrx_word' id='word_1_90' title='bbox 1099 1762 1182 1809; x_wconf 86' lang='lat' dir='ltr'><strong>eo</strong></span> <span class='ocrx_word' id='word_1_91' title='bbox 1224 1745 1423 1829; x_wconf 87' lang='lat' dir='ltr'><strong>igitur</strong></span> <span class='ocrx_word' id='word_1_92' title='bbox 1461 1750 1732 1809; x_wconf 86' lang='lat' dir='ltr'><strong>auctore</strong></span> <span class='ocrx_word' id='word_1_93' title='bbox 1776 1742 2243 1811; x_wconf 76' lang='lat' dir='ltr'><strong>adornavimus</strong></span> <span class='ocrx_word' id='word_1_94' title='bbox 2272 1744 2443 1811; x_wconf 82' lang='lat' dir='ltr'><strong>hanc</strong></span> <span class='ocrx_word' id='word_1_95' title='bbox 2474 1746 2657 1813; x_wconf 84' lang='lat' dir='ltr'><strong>F&#39;lori</strong></span> 
     </span>
     <span class='ocr_line' id='line_1_15' title="bbox 459 1844 2654 1931; baseline -0.001 -14"><span class='ocrx_word' id='word_1_96' title='bbox 459 1849 814 1917; x_wconf 81' lang='lat' dir='ltr'><strong>editionem</strong></span> <span class='ocrx_word' id='word_1_97' title='bbox 857 1847 947 1913; x_wconf 87' lang='lat' dir='ltr'><strong>ad</strong></span> <span class='ocrx_word' id='word_1_98' title='bbox 989 1846 1266 1913; x_wconf 88' lang='lat' dir='ltr'><strong>modum</strong></span> <span class='ocrx_word' id='word_1_99' title='bbox 1306 1844 1755 1924; x_wconf 78' lang='lat' dir='ltr'><strong>Corneliauae,</strong></span> <span class='ocrx_word' id='word_1_100' title='bbox 1801 1863 2009 1931; x_wconf 76' lang='lat' dir='ltr'><strong>nuper</strong></span> <span class='ocrx_word' id='word_1_101' title='bbox 2056 1864 2101 1911; x_wconf 92' lang='lat' dir='ltr'><strong>a</strong></span> <span class='ocrx_word' id='word_1_102' title='bbox 2144 1846 2343 1912; x_wconf 85' lang='lat' dir='ltr'><strong>nobis</strong></span> <span class='ocrx_word' id='word_1_103' title='bbox 2378 1854 2654 1931; x_wconf 76' lang='lat' dir='ltr'><strong>curatoe,</strong></span> 
     </span>
     <span class='ocr_line' id='line_1_16' title="bbox 456 1944 2655 2035; baseline -0 -20"><span class='ocrx_word' id='word_1_104' title='bbox 456 1950 702 2035; x_wconf 82' lang='lat' dir='ltr'><strong>partim</strong></span> <span class='ocrx_word' id='word_1_105' title='bbox 756 1948 918 2033; x_wconf 81' lang='lat' dir='ltr'><strong>quia</strong></span> <span class='ocrx_word' id='word_1_106' title='bbox 974 1965 1250 2031; x_wconf 84' lang='lat' dir='ltr'><strong>operam</strong></span> <span class='ocrx_word' id='word_1_107' title='bbox 1302 1964 1520 2011; x_wconf 85' lang='lat' dir='ltr'><strong>meam</strong></span> <span class='ocrx_word' id='word_1_108' title='bbox 1587 1945 1863 2031; x_wconf 85' lang='lat' dir='ltr'><strong>placere</strong></span> <span class='ocrx_word' id='word_1_109' title='bbox 1918 1944 2194 2015; x_wconf 86' lang='lat' dir='ltr'><strong>eruditis</strong></span> <span class='ocrx_word' id='word_1_110' title='bbox 2245 1946 2655 2029; x_wconf 75' lang='lat' dir='ltr'><strong>hominibus,</strong></span> 
     </span>
     <span class='ocr_line' id='line_1_17' title="bbox 457 2046 2658 2135; baseline -0 -20"><span class='ocrx_word' id='word_1_111' title='bbox 457 2050 772 2135; x_wconf 84' lang='lat' dir='ltr'><strong>quamvis</strong></span> <span class='ocrx_word' id='word_1_112' title='bbox 797 2048 1065 2135; x_wconf 77' lang='lat' dir='ltr'><strong>paucis,</strong></span> <span class='ocrx_word' id='word_1_113' title='bbox 1095 2046 1403 2131; x_wconf 81' lang='lat' dir='ltr'><strong>cognovi,</strong></span> <span class='ocrx_word' id='word_1_114' title='bbox 1445 2046 1684 2131; x_wconf 87' lang='lat' dir='ltr'><strong>partim</strong></span> <span class='ocrx_word' id='word_1_115' title='bbox 1709 2046 1873 2135; x_wconf 83' lang='lat' dir='ltr'><strong>quia</strong></span> <span class='ocrx_word' id='word_1_116' title='bbox 1898 2046 2249 2131; x_wconf 74' lang='lat' dir='ltr'><strong>sperabam</strong></span> <span class='ocrx_word' id='word_1_117' title='bbox 2278 2067 2387 2113; x_wconf 88' lang='lat' dir='ltr'><strong>me</strong></span> <span class='ocrx_word' id='word_1_118' title='bbox 2415 2047 2658 2114; x_wconf 87' lang='lat' dir='ltr'><strong>studiis</strong></span> 
     </span>
     <span class='ocr_line' id='line_1_18' title="bbox 453 2146 2659 2235; baseline -0.002 -18"><span class='ocrx_word' id='word_1_119' title='bbox 453 2154 628 2217; x_wconf 84' lang='lat' dir='ltr'><strong>meis</strong></span> <span class='ocrx_word' id='word_1_120' title='bbox 669 2154 766 2218; x_wconf 86' lang='lat' dir='ltr'><strong>ita</strong></span> <span class='ocrx_word' id='word_1_121' title='bbox 799 2151 1044 2219; x_wconf 86' lang='lat' dir='ltr'><strong>saltem</strong></span> <span class='ocrx_word' id='word_1_122' title='bbox 1093 2150 1241 2215; x_wconf 86' lang='lat' dir='ltr'><strong>fore</strong></span> <span class='ocrx_word' id='word_1_123' title='bbox 1283 2148 1494 2213; x_wconf 84' lang='lat' dir='ltr'><strong>literis</strong></span> <span class='ocrx_word' id='word_1_124' title='bbox 1535 2148 1811 2233; x_wconf 86' lang='lat' dir='ltr'><strong>publice</strong></span> <span class='ocrx_word' id='word_1_125' title='bbox 1852 2146 2117 2213; x_wconf 86' lang='lat' dir='ltr'><strong>utilem:</strong></span> <span class='ocrx_word' id='word_1_126' title='bbox 2162 2146 2359 2231; x_wconf 89' lang='lat' dir='ltr'><strong>cujus</strong></span> <span class='ocrx_word' id='word_1_127' title='bbox 2402 2149 2498 2213; x_wconf 84' lang='lat' dir='ltr'><strong>rei</strong></span> <span class='ocrx_word' id='word_1_128' title='bbox 2524 2152 2659 2235; x_wconf 85' lang='lat' dir='ltr'><strong>pri-</strong></span> 
     </span>
     <span class='ocr_line' id='line_1_19' title="bbox 453 2246 2658 2333; baseline -0.003 -14"><span class='ocrx_word' id='word_1_129' title='bbox 453 2258 625 2319; x_wconf 76' lang='lat' dir='ltr'><strong>vata</strong></span> <span class='ocrx_word' id='word_1_130' title='bbox 649 2254 936 2319; x_wconf 75' lang='lat' dir='ltr'><strong>facultas</strong></span> <span class='ocrx_word' id='word_1_131' title='bbox 963 2248 1373 2317; x_wconf 86' lang='lat' dir='ltr'><strong>intoleranda</strong></span> <span class='ocrx_word' id='word_1_132' title='bbox 1398 2250 1683 2315; x_wconf 84' lang='lat' dir='ltr'><strong>stultitia</strong></span> <span class='ocrx_word' id='word_1_133' title='bbox 1706 2248 2099 2332; x_wconf 82' lang='lat' dir='ltr'><strong>miserisque</strong></span> <span class='ocrx_word' id='word_1_134' title='bbox 2124 2246 2396 2333; x_wconf 86' lang='lat' dir='ltr'><strong>ineptiis</strong></span> <span class='ocrx_word' id='word_1_135' title='bbox 2422 2247 2658 2314; x_wconf 85' lang='lat' dir='ltr'><strong>huma·</strong></span> 
     </span>
     <span class='ocr_line' id='line_1_20' title="bbox 455 2348 2657 2437; baseline 0 -20"><span class='ocrx_word' id='word_1_136' title='bbox 455 2372 696 2419; x_wconf 84' lang='lat' dir='ltr'><strong>norum</strong></span> <span class='ocrx_word' id='word_1_137' title='bbox 741 2351 1082 2420; x_wconf 86' lang='lat' dir='ltr'><strong>hominum</strong></span> <span class='ocrx_word' id='word_1_138' title='bbox 1126 2348 1298 2415; x_wconf 86' lang='lat' dir='ltr'><strong>mihi</strong></span> <span class='ocrx_word' id='word_1_139' title='bbox 1349 2354 1527 2414; x_wconf 88' lang='lat' dir='ltr'><strong>esset</strong></span> <span class='ocrx_word' id='word_1_140' title='bbox 1573 2348 1713 2414; x_wconf 86' lang='lat' dir='ltr'><strong>fere</strong></span> <span class='ocrx_word' id='word_1_141' title='bbox 1761 2348 1977 2413; x_wconf 86' lang='lat' dir='ltr'><strong>omnis</strong></span> <span class='ocrx_word' id='word_1_142' title='bbox 2024 2355 2274 2437; x_wconf 83' lang='lat' dir='ltr'><strong>erepta,</strong></span> <span class='ocrx_word' id='word_1_143' title='bbox 2326 2355 2398 2415; x_wconf 87' lang='lat' dir='ltr'><strong>et</strong></span> <span class='ocrx_word' id='word_1_144' title='bbox 2443 2350 2657 2419; x_wconf 81' lang='lat' dir='ltr'><strong>indies</strong></span> 
     </span>
     <span class='ocr_line' id='line_1_21' title="bbox 451 2439 2655 2541; baseline -0.001 -20"><span class='ocrx_word' id='word_1_145' title='bbox 451 2455 676 2539; x_wconf 82' lang='lat' dir='ltr'><strong>magis</strong></span> <span class='ocrx_word' id='word_1_146' title='bbox 701 2456 1046 2541; x_wconf 83' lang='lat' dir='ltr'><strong>magisque</strong></span> <span class='ocrx_word' id='word_1_147' title='bbox 1073 2439 1281 2519; x_wconf 76' lang='lat' dir='ltr'><strong>adimi</strong></span> <span class='ocrx_word' id='word_1_148' title='bbox 1319 2450 1676 2517; x_wconf 85' lang='lat' dir='ltr'><strong>videretur.</strong></span> <span class='ocrx_word' id='word_1_149' title='bbox 1760 2448 1807 2517; x_wconf 81' lang='lat' dir='ltr'><strong>J</strong></span> <span class='ocrx_word' id='word_1_150' title='bbox 1808 2452 1950 2517; x_wconf 89' lang='lat' dir='ltr'><strong>ussi</strong></span> <span class='ocrx_word' id='word_1_151' title='bbox 1994 2458 2215 2520; x_wconf 86' lang='lat' dir='ltr'><strong>autem</strong></span> <span class='ocrx_word' id='word_1_152' title='bbox 2242 2451 2536 2520; x_wconf 87' lang='lat' dir='ltr'><strong>describi</strong></span> <span class='ocrx_word' id='word_1_153' title='bbox 2565 2454 2655 2519; x_wconf 87' lang='lat' dir='ltr'><strong>ab</strong></span> 
     </span>
     <span class='ocr_line' id='line_1_22' title="bbox 451 2552 2659 2644; baseline -0.002 -21"><span class='ocrx_word' id='word_1_154' title='bbox 451 2560 681 2644; x_wconf 82' lang='lat' dir='ltr'><strong>operis</strong></span> <span class='ocrx_word' id='word_1_155' title='bbox 707 2562 894 2623; x_wconf 83' lang='lat' dir='ltr'><strong>texta</strong></span> <span class='ocrx_word' id='word_1_156' title='bbox 923 2555 1284 2621; x_wconf 65' lang='lat' dir='ltr'><strong>Grau-iana</strong></span> <span class='ocrx_word' id='word_1_157' title='bbox 1325 2570 1416 2618; x_wconf 81' lang='lat' dir='ltr'><strong>ex</strong></span> <span class='ocrx_word' id='word_1_158' title='bbox 1455 2552 1747 2617; x_wconf 87' lang='lat' dir='ltr'><strong>editione</strong></span> <span class='ocrx_word' id='word_1_159' title='bbox 1786 2552 1944 2617; x_wconf 88' lang='lat' dir='ltr'><strong>anni</strong></span> <span class='ocrx_word' id='word_1_160' title='bbox 1985 2554 2375 2635; x_wconf 76' lang='lat' dir='ltr'><strong>octogesimi</strong></span> <span class='ocrx_word' id='word_1_161' title='bbox 2422 2556 2659 2619; x_wconf 76' lang='lat' dir='ltr'><strong>saeculi</strong></span> 
     </span>
     <span class='ocr_line' id='line_1_23' title="bbox 453 2652 2659 2743; baseline -0.003 -20"><span class='ocrx_word' id='word_1_162' title='bbox 453 2656 892 2743; x_wconf 68' lang='lat' dir='ltr'><strong>superioris-⁸</strong></span> <span class='ocrx_word' id='word_1_163' title='bbox 907 2656 948 2699; x_wconf 68' lang='lat'>⁸</span> <span class='ocrx_word' id='word_1_164' title='bbox 964 2657 1005 2700; x_wconf 68' lang='lat'>⁸</span> <span class='ocrx_word' id='word_1_165' title='bbox 1021 2656 1382 2722; x_wconf 81' lang='lat' dir='ltr'><strong>Lectiones</strong></span> <span class='ocrx_word' id='word_1_166' title='bbox 1403 2654 1651 2731; x_wconf 77' lang='lat' dir='ltr'><strong>varias,</strong></span> <span class='ocrx_word' id='word_1_167' title='bbox 1674 2652 1971 2735; x_wconf 82' lang='lat' dir='ltr'><strong>collegis</strong></span> <span class='ocrx_word' id='word_1_168' title='bbox 1986 2652 2176 2715; x_wconf 87' lang='lat' dir='ltr'><strong>libris</strong></span> <span class='ocrx_word' id='word_1_169' title='bbox 2194 2672 2346 2714; x_wconf 89' lang='lat' dir='ltr'><strong>cum</strong></span> <span class='ocrx_word' id='word_1_170' title='bbox 2370 2654 2659 2737; x_wconf 87' lang='lat' dir='ltr'><strong>scriptis,</strong></span> 
     </span>
     <span class='ocr_line' id='line_1_24' title="bbox 443 2751 2661 2840; baseline -0.003 -15"><span class='ocrx_word' id='word_1_171' title='bbox 443 2764 602 2827; x_wconf 79' lang='lat' dir='ltr'><strong>tum</strong></span> <span class='ocrx_word' id='word_1_172' title='bbox 626 2756 820 2823; x_wconf 87' lang='lat' dir='ltr'><strong>editis</strong></span> <span class='ocrx_word' id='word_1_173' title='bbox 843 2756 954 2835; x_wconf 88' lang='lat' dir='ltr'><strong>iis,</strong></span> <span class='ocrx_word' id='word_1_174' title='bbox 983 2755 1064 2819; x_wconf 89' lang='lat' dir='ltr'><strong>de</strong></span> <span class='ocrx_word' id='word_1_175' title='bbox 1084 2756 1328 2840; x_wconf 87' lang='lat' dir='ltr'><strong>quibus</strong></span> <span class='ocrx_word' id='word_1_176' title='bbox 1355 2756 1508 2819; x_wconf 83' lang='lat' dir='ltr'><strong>ante</strong></span> <span class='ocrx_word' id='word_1_177' title='bbox 1535 2752 1849 2837; x_wconf 81' lang='lat' dir='ltr'><strong>exposui,</strong></span> <span class='ocrx_word' id='word_1_178' title='bbox 1876 2756 1952 2817; x_wconf 87' lang='lat' dir='ltr'><strong>ut</strong></span> <span class='ocrx_word' id='word_1_179' title='bbox 1975 2758 2195 2828; x_wconf 87' lang='lat' dir='ltr'><strong>notas,</strong></span> <span class='ocrx_word' id='word_1_180' title='bbox 2224 2751 2474 2836; x_wconf 86' lang='lat' dir='ltr'><strong>quibus</strong></span> <span class='ocrx_word' id='word_1_181' title='bbox 2502 2772 2661 2819; x_wconf 89' lang='lat' dir='ltr'><strong>usus</strong></span> 
     </span>
     <span class='ocr_line' id='line_1_25' title="bbox 451 2852 2658 2940; baseline -0.004 -14"><span class='ocrx_word' id='word_1_182' title='bbox 451 2878 608 2926; x_wconf 84' lang='lat' dir='ltr'><strong>sum</strong></span> <span class='ocrx_word' id='word_1_183' title='bbox 645 2858 716 2925; x_wconf 90' lang='lat' dir='ltr'><strong>in</strong></span> <span class='ocrx_word' id='word_1_184' title='bbox 740 2861 870 2924; x_wconf 90' lang='lat' dir='ltr'><strong>isto</strong></span> <span class='ocrx_word' id='word_1_185' title='bbox 897 2858 1154 2935; x_wconf 84' lang='lat' dir='ltr'><strong>libello,</strong></span> <span class='ocrx_word' id='word_1_186' title='bbox 1202 2854 1542 2940; x_wconf 83' lang='lat' dir='ltr'><strong>explicare</strong></span> <span class='ocrx_word' id='word_1_187' title='bbox 1587 2852 1808 2919; x_wconf 86' lang='lat' dir='ltr'><strong>denuo</strong></span> <span class='ocrx_word' id='word_1_188' title='bbox 1843 2871 1980 2918; x_wconf 87' lang='lat' dir='ltr'><strong>non</strong></span> <span class='ocrx_word' id='word_1_189' title='bbox 2021 2852 2326 2918; x_wconf 83' lang='lat' dir='ltr'><strong>videatur</strong></span> <span class='ocrx_word' id='word_1_190' title='bbox 2364 2874 2658 2921; x_wconf 87' lang='lat' dir='ltr'><strong>necesse.</strong></span> 
     </span>
     <span class='ocr_line' id='line_1_26' title="bbox 451 2954 2657 3041; baseline -0.003 -11"><span class='ocrx_word' id='word_1_191' title='bbox 451 2960 730 3031; x_wconf 80' lang='lat' dir='ltr'><strong>socium</strong></span> <span class='ocrx_word' id='word_1_192' title='bbox 757 2980 914 3027; x_wconf 86' lang='lat' dir='ltr'><strong>vero</strong></span> <span class='ocrx_word' id='word_1_193' title='bbox 942 2958 1194 3025; x_wconf 85' lang='lat' dir='ltr'><strong>laboris</strong></span> <span class='ocrx_word' id='word_1_194' title='bbox 1219 2956 1588 3041; x_wconf 86' lang='lat' dir='ltr'><strong>plenissimi</strong></span> <span class='ocrx_word' id='word_1_195' title='bbox 1631 2954 1823 3020; x_wconf 76' lang='lat' dir='ltr'><strong>taedii</strong></span> <span class='ocrx_word' id='word_1_196' title='bbox 1859 2954 2366 3040; x_wconf 88' lang='lat' dir='ltr'><strong>adjutoremque</strong></span> <span class='ocrx_word' id='word_1_197' title='bbox 2396 2956 2657 3023; x_wconf 85' lang='lat' dir='ltr'><strong>fidelem</strong></span> 
     </span>
     <span class='ocr_line' id='line_1_27' title="bbox 447 3056 2659 3136; baseline -0.001 -8"><span class='ocrx_word' id='word_1_198' title='bbox 447 3063 662 3128; x_wconf 77' lang='lat' dir='ltr'><strong>habui</strong></span> <span class='ocrx_word' id='word_1_199' title='bbox 704 3060 1116 3128; x_wconf 82' lang='lat' dir='ltr'><strong>Gerhardum</strong></span> <span class='ocrx_word' id='word_1_200' title='bbox 1156 3059 1204 3127; x_wconf 81' lang='lat' dir='ltr'>J</span> <span class='ocrx_word' id='word_1_201' title='bbox 1208 3059 1538 3125; x_wconf 87' lang='lat' dir='ltr'><strong>ohannem</strong></span> <span class='ocrx_word' id='word_1_202' title='bbox 1583 3056 2063 3123; x_wconf 84' lang='lat' dir='ltr'><strong>Immanuelem</strong></span> <span class='ocrx_word' id='word_1_203' title='bbox 2097 3056 2503 3136; x_wconf 86' lang='lat' dir='ltr'><strong>Schelerum,</strong></span> <span class='ocrx_word' id='word_1_204' title='bbox 2529 3058 2576 3123; x_wconf 85' lang='lat' dir='ltr'><strong>J</strong></span> <span class='ocrx_word' id='word_1_205' title='bbox 2578 3080 2659 3125; x_wconf 92' lang='lat' dir='ltr'><strong>u-</strong></span> 
     </span>
     <span class='ocr_line' id='line_1_28' title="bbox 451 3158 2659 3247; baseline -0.002 -16"><span class='ocrx_word' id='word_1_206' title='bbox 451 3184 687 3231; x_wconf 75' lang='lat' dir='ltr'><strong>venem</strong></span> <span class='ocrx_word' id='word_1_207' title='bbox 742 3163 1206 3230; x_wconf 86' lang='lat' dir='ltr'><strong>doctissimum</strong></span> <span class='ocrx_word' id='word_1_208' title='bbox 1261 3161 1847 3247; x_wconf 71' lang='lat' dir='ltr'><strong>humanior-umque</strong></span> <span class='ocrx_word' id='word_1_209' title='bbox 1904 3158 2234 3224; x_wconf 74' lang='lat' dir='ltr'><strong>literarum</strong></span> <span class='ocrx_word' id='word_1_210' title='bbox 2292 3159 2659 3245; x_wconf 88' lang='lat' dir='ltr'><strong>cupidissi-</strong></span> 
     </span>
     <span class='ocr_line' id='line_1_29' title="bbox 451 3259 2655 3349; baseline -0.001 -16"><span class='ocrx_word' id='word_1_211' title='bbox 451 3286 662 3347; x_wconf 87' lang='lat' dir='ltr'><strong>mum,</strong></span> <span class='ocrx_word' id='word_1_212' title='bbox 689 3264 1061 3349; x_wconf 77' lang='lat' dir='ltr'><strong>disciplinae</strong></span> <span class='ocrx_word' id='word_1_213' title='bbox 1093 3262 1364 3329; x_wconf 78' lang='lat' dir='ltr'><strong>Scholae</strong></span> <span class='ocrx_word' id='word_1_214' title='bbox 1391 3270 1639 3331; x_wconf 77' lang='lat' dir='ltr'><strong>nostrae</strong></span> <span class='ocrx_word' id='word_1_215' title='bbox 1681 3280 1893 3345; x_wconf 86' lang='lat' dir='ltr'><strong>nuper</strong></span> <span class='ocrx_word' id='word_1_216' title='bbox 1929 3259 2265 3327; x_wconf 83' lang='lat' dir='ltr'><strong>alumnum</strong></span> <span class='ocrx_word' id='word_1_217' title='bbox 2296 3262 2655 3346; x_wconf 86' lang='lat' dir='ltr'><strong>egregium,</strong></span> 
     </span>
     <span class='ocr_line' id='line_1_30' title="bbox 453 3364 2659 3451; baseline 0 -18"><span class='ocrx_word' id='word_1_218' title='bbox 453 3368 592 3435; x_wconf 82' lang='lat' dir='ltr'><strong>hoc</strong></span> <span class='ocrx_word' id='word_1_219' title='bbox 632 3372 756 3448; x_wconf 87' lang='lat' dir='ltr'><strong>est,</strong></span> <span class='ocrx_word' id='word_1_220' title='bbox 784 3386 934 3433; x_wconf 87' lang='lat' dir='ltr'><strong>eum</strong></span> <span class='ocrx_word' id='word_1_221' title='bbox 967 3368 1086 3451; x_wconf 90' lang='lat' dir='ltr'><strong>qui</strong></span> <span class='ocrx_word' id='word_1_222' title='bbox 1129 3372 1308 3431; x_wconf 83' lang='lat' dir='ltr'><strong>artes</strong></span> <span class='ocrx_word' id='word_1_223' title='bbox 1347 3364 1603 3430; x_wconf 87' lang='lat' dir='ltr'><strong>scholis</strong></span> <span class='ocrx_word' id='word_1_224' title='bbox 1644 3382 2005 3447; x_wconf 86' lang='lat' dir='ltr'><strong>earumque</strong></span> <span class='ocrx_word' id='word_1_225' title='bbox 2048 3364 2383 3446; x_wconf 80' lang='lat' dir='ltr'><strong>magistris</strong></span> <span class='ocrx_word' id='word_1_226' title='bbox 2424 3364 2659 3449; x_wconf 82' lang='lat' dir='ltr'><strong>dignas</strong></span> 
     </span>
     <span class='ocr_line' id='line_1_31' title="bbox 455 3466 2654 3551; baseline -0 -16"><span class='ocrx_word' id='word_1_227' title='bbox 455 3490 714 3539; x_wconf 87' lang='lat' dir='ltr'><strong>summo</strong></span> <span class='ocrx_word' id='word_1_228' title='bbox 740 3467 962 3537; x_wconf 86' lang='lat' dir='ltr'><strong>studio</strong></span> <span class='ocrx_word' id='word_1_229' title='bbox 1002 3466 1359 3533; x_wconf 88' lang='lat' dir='ltr'><strong>discendas</strong></span> <span class='ocrx_word' id='word_1_230' title='bbox 1397 3471 1689 3551; x_wconf 86' lang='lat' dir='ltr'><strong>putaret,</strong></span> <span class='ocrx_word' id='word_1_231' title='bbox 1725 3466 1971 3550; x_wconf 89' lang='lat' dir='ltr'><strong>quibus</strong></span> <span class='ocrx_word' id='word_1_232' title='bbox 2000 3471 2069 3531; x_wconf 87' lang='lat' dir='ltr'><strong>et</strong></span> <span class='ocrx_word' id='word_1_233' title='bbox 2095 3470 2439 3548; x_wconf 88' lang='lat' dir='ltr'><strong>augeretur</strong></span> <span class='ocrx_word' id='word_1_234' title='bbox 2465 3486 2654 3535; x_wconf 87' lang='lat' dir='ltr'><strong>mens</strong></span> 
     </span>
     <span class='ocr_line' id='line_1_32' title="bbox 453 3566 2653 3653; baseline -0.003 -14"><span class='ocrx_word' id='word_1_235' title='bbox 453 3578 524 3639; x_wconf 86' lang='lat' dir='ltr'><strong>et</strong></span> <span class='ocrx_word' id='word_1_236' title='bbox 563 3574 830 3637; x_wconf 87' lang='lat' dir='ltr'><strong>animus</strong></span> <span class='ocrx_word' id='word_1_237' title='bbox 866 3568 1346 3647; x_wconf 85' lang='lat' dir='ltr'><strong>emendaretur,</strong></span> <span class='ocrx_word' id='word_1_238' title='bbox 1383 3586 1592 3652; x_wconf 86' lang='lat' dir='ltr'><strong>neque</strong></span> <span class='ocrx_word' id='word_1_239' title='bbox 1633 3572 1897 3653; x_wconf 87' lang='lat' dir='ltr'><strong>tempus</strong></span> <span class='ocrx_word' id='word_1_240' title='bbox 1941 3567 2028 3631; x_wconf 89' lang='lat' dir='ltr'><strong>iis</strong></span> <span class='ocrx_word' id='word_1_241' title='bbox 2070 3566 2411 3633; x_wconf 89' lang='lat' dir='ltr'><strong>terendum</strong></span> <span class='ocrx_word' id='word_1_242' title='bbox 2450 3570 2653 3635; x_wconf 88' lang='lat' dir='ltr'><strong>rebus</strong></span> 
     </span>
     <span class='ocr_line' id='line_1_33' title="bbox 453 3668 2655 3761; baseline -0.003 -19"><span class='ocrx_word' id='word_1_243' title='bbox 453 3681 785 3753; x_wconf 85' lang='lat' dir='ltr'><strong>censeret,</strong></span> <span class='ocrx_word' id='word_1_244' title='bbox 801 3690 956 3761; x_wconf 77' lang='lat' dir='ltr'><strong>quae</strong></span> <span class='ocrx_word' id='word_1_245' title='bbox 983 3674 1240 3739; x_wconf 78' lang='lat' dir='ltr'><strong>tantum</strong></span> <span class='ocrx_word' id='word_1_246' title='bbox 1256 3670 1552 3736; x_wconf 82' lang='lat' dir='ltr'><strong>valerent</strong></span> <span class='ocrx_word' id='word_1_247' title='bbox 1570 3668 1660 3734; x_wconf 90' lang='lat' dir='ltr'><strong>ad</strong></span> <span class='ocrx_word' id='word_1_248' title='bbox 1687 3669 1931 3733; x_wconf 80' lang='lat' dir='ltr'><strong>famem</strong></span> <span class='ocrx_word' id='word_1_249' title='bbox 1955 3668 2439 3753; x_wconf 86' lang='lat' dir='ltr'><strong>depellendam,</strong></span> <span class='ocrx_word' id='word_1_250' title='bbox 2472 3679 2540 3735; x_wconf 89' lang='lat' dir='ltr'><strong>et</strong></span> <span class='ocrx_word' id='word_1_251' title='bbox 2566 3670 2655 3735; x_wconf 90' lang='lat' dir='ltr'><strong>ad</strong></span> 
     </span>
     <span class='ocr_line' id='line_1_34' title="bbox 453 3769 2656 3855; baseline -0.005 -10"><span class='ocrx_word' id='word_1_252' title='bbox 453 3797 651 3845; x_wconf 87' lang='lat' dir='ltr'><strong>aures</strong></span> <span class='ocrx_word' id='word_1_253' title='bbox 679 3770 1149 3841; x_wconf 86' lang='lat' dir='ltr'><strong>demulcendas</strong></span> <span class='ocrx_word' id='word_1_254' title='bbox 1188 3780 1260 3838; x_wconf 88' lang='lat' dir='ltr'><strong>et</strong></span> <span class='ocrx_word' id='word_1_255' title='bbox 1297 3772 1735 3840; x_wconf 87' lang='lat' dir='ltr'><strong>deliniendas.</strong></span> <span class='ocrx_word' id='word_1_256' title='bbox 1821 3770 2036 3855; x_wconf 85' lang='lat' dir='ltr'><strong>Igitur</strong></span> <span class='ocrx_word' id='word_1_257' title='bbox 2062 3769 2109 3834; x_wconf 85' lang='lat' dir='ltr'><strong>J</strong></span> <span class='ocrx_word' id='word_1_258' title='bbox 2115 3771 2346 3837; x_wconf 80' lang='lat' dir='ltr'><strong>uvenis</strong></span> <span class='ocrx_word' id='word_1_259' title='bbox 2372 3771 2656 3836; x_wconf 86' lang='lat' dir='ltr'><strong>ornatis-</strong></span> 
     </span>
     <span class='ocr_line' id='line_1_35' title="bbox 452 3872 2655 3958; baseline -0.004 -12"><span class='ocrx_word' id='word_1_260' title='bbox 452 3880 608 3946; x_wconf 88' lang='lat' dir='ltr'><strong>simi</strong></span> <span class='ocrx_word' id='word_1_261' title='bbox 635 3876 879 3943; x_wconf 88' lang='lat' dir='ltr'><strong>studiis</strong></span> <span class='ocrx_word' id='word_1_262' title='bbox 909 3879 983 3940; x_wconf 90' lang='lat' dir='ltr'><strong>ut</strong></span> <span class='ocrx_word' id='word_1_263' title='bbox 1008 3872 1262 3955; x_wconf 82' lang='lat' dir='ltr'><strong>faveas,</strong></span> <span class='ocrx_word' id='word_1_264' title='bbox 1306 3874 1550 3941; x_wconf 82' lang='lat' dir='ltr'><strong>Lector</strong></span> <span class='ocrx_word' id='word_1_265' title='bbox 1574 3874 1793 3950; x_wconf 87' lang='lat' dir='ltr'><strong>docte,</strong></span> <span class='ocrx_word' id='word_1_266' title='bbox 1822 3874 1923 3939; x_wconf 86' lang='lat' dir='ltr'><strong>ita</strong></span> <span class='ocrx_word' id='word_1_267' title='bbox 1948 3892 2135 3958; x_wconf 84' lang='lat' dir='ltr'><strong>rogo,</strong></span> <span class='ocrx_word' id='word_1_268' title='bbox 2175 3878 2250 3938; x_wconf 90' lang='lat' dir='ltr'><strong>ut</strong></span> <span class='ocrx_word' id='word_1_269' title='bbox 2276 3892 2491 3938; x_wconf 89' lang='lat' dir='ltr'><strong>meam</strong></span> <span class='ocrx_word' id='word_1_270' title='bbox 2536 3872 2655 3938; x_wconf 87' lang='lat' dir='ltr'><strong>tibi</strong></span> 
     </span>
     <span class='ocr_line' id='line_1_36' title="bbox 450 3970 2653 4069; baseline -0.005 -20"><span class='ocrx_word' id='word_1_271' title='bbox 450 4000 722 4069; x_wconf 81' lang='lat' dir='ltr'><strong>operam</strong></span> <span class='ocrx_word' id='word_1_272' title='bbox 751 3977 911 4044; x_wconf 86' lang='lat' dir='ltr'><strong>volo</strong></span> <span class='ocrx_word' id='word_1_273' title='bbox 943 3994 1092 4041; x_wconf 86' lang='lat' dir='ltr'><strong>esse</strong></span> <span class='ocrx_word' id='word_1_274' title='bbox 1117 3983 1377 4059; x_wconf 83' lang='lat' dir='ltr'><strong>gratam</strong></span> <span class='ocrx_word' id='word_1_275' title='bbox 1406 3982 1605 4060; x_wconf 86' lang='lat' dir='ltr'><strong>atque</strong></span> <span class='ocrx_word' id='word_1_276' title='bbox 1633 3972 1885 4041; x_wconf 86' lang='lat' dir='ltr'><strong>utilem.</strong></span> <span class='ocrx_word' id='word_1_277' title='bbox 1945 3972 2139 4039; x_wconf 87' lang='lat' dir='ltr'><strong>Vale.</strong></span> <span class='ocrx_word' id='word_1_278' title='bbox 2208 3972 2466 4055; x_wconf 87' lang='lat' dir='ltr'><strong>Scripsi</strong></span> <span class='ocrx_word' id='word_1_279' title='bbox 2494 3970 2653 4059; x_wconf 84' lang='lat' dir='ltr'><strong>Lip-</strong></span> 
     </span>
    </p>
   </div>
   <div class='ocr_carea' id='block_1_3' title="bbox 453 4078 2349 4167">
    <p class='ocr_par' dir='ltr' id='par_1_4' title="bbox 453 4078 2349 4167">
     <span class='ocr_line' id='line_1_37' title="bbox 453 4078 2349 4167; baseline -0.004 -2"><span class='ocrx_word' id='word_1_280' title='bbox 453 4099 578 4165; x_wconf 77' lang='lat' dir='ltr'><strong>siae</strong></span> <span class='ocrx_word' id='word_1_281' title='bbox 607 4118 674 4165; x_wconf 88' lang='lat' dir='ltr'><strong>a.</strong></span> <span class='ocrx_word' id='word_1_282' title='bbox 703 4095 770 4163; x_wconf 90' lang='lat' dir='ltr'><strong>d.</strong></span> <span class='ocrx_word' id='word_1_283' title='bbox 803 4078 970 4164; x_wconf 68' lang='grc' dir='ltr'><strong>ἷῖιῖ.</strong></span> <span class='ocrx_word' id='word_1_284' title='bbox 995 4094 1341 4165; x_wconf 79' lang='lat' dir='ltr'><strong>Kalendas</strong></span> <span class='ocrx_word' id='word_1_285' title='bbox 1371 4094 1597 4164; x_wconf 80' lang='lat' dir='ltr'><strong>Maias</strong></span> <span class='ocrx_word' id='word_1_286' title='bbox 1628 4115 1671 4167; x_wconf 72' lang='lat' dir='ltr'><strong>a</strong></span> <span class='ocrx_word' id='word_1_287' title='bbox 1694 4093 1770 4163; x_wconf 87' lang='lat' dir='ltr'><strong>G.</strong></span> <span class='ocrx_word' id='word_1_288' title='bbox 1802 4090 1896 4159; x_wconf 84' lang='lat' dir='ltr'><strong>N.</strong></span> <span class='ocrx_word' id='word_1_289' title='bbox 1929 4104 2349 4159; x_wconf 65' lang='lat' dir='ltr'><strong>cioroconx.</strong></span> 
     </span>
    </p>
   </div>
   <div class='ocr_carea' id='block_1_4' title="bbox 1923 4072 2343 4091">
    <p class='ocr_par' dir='ltr' id='par_1_5' title="bbox 1923 4072 2343 4091">
     <span class='ocr_line' id='line_1_38' title="bbox 1923 4072 2343 4091; baseline 0 818"><span class='ocrx_word' id='word_1_290' title='bbox 1923 4072 2343 4091; x_wconf 95' lang='lat' dir='ltr'><strong> </strong></span> 
     </span>
    </p>
   </div>
  </div>
 </body>
</html>
