3234 4909
1063 1101 1954 1196 LECTORI

1471 1361 1547 1427 S.

730 1606 1016 1684 JOH.
1103 1609 1448 1686 FRID.
1535 1611 2280 1692 FISCHERUS.

501 2176 952 2257 QUANQUAM
999 2182 1070 2246 in
1121 2183 1625 2264 Grammaticis,
1667 2186 1795 2250 hoc
1840 2189 1965 2262 est,
2010 2188 2409 2268 scriptorum
2433 2195 2613 2253 vete-

413 2297 560 2344 rum
588 2281 938 2364 utriusque
955 2284 1200 2365 lingnae
1227 2285 1700 2364 interpretibus
1727 2284 1980 2348 idoneis
2006 2291 2071 2349 et
2097 2287 2319 2363 bonis,
2342 2293 2443 2352 tot
2473 2294 2615 2354 tan-

412 2385 639 2464 toeque
685 2383 914 2446 insunt
941 2382 1243 2461 virtutes,
1281 2382 1506 2448 inesse
1557 2383 1831 2468 quidem
1870 2391 2049 2450 certe
2076 2385 2343 2466 debent,
2374 2391 2615 2471 quibus

413 2486 480 2546 et
501 2483 824 2566 parandis
866 2489 932 2548 et
960 2483 1431 2550 confirmandis
1469 2484 1992 2569 roborandisque
2030 2491 2097 2550 et
2142 2487 2465 2570 augendis
2492 2491 2614 2555 vix

413 2581 744 2649 sufficiant
759 2586 1020 2666 angusti
1040 2585 1416 2667 brevesque
1435 2585 1596 2649 vitae
1623 2583 1966 2648 hominum
1988 2588 2193 2649 etiam
2206 2589 2611 2669 longissimae

382 2684 709 2770 ‘terminit
753 2689 980 2746 tamen
1025 2683 1254 2763 fugere
1301 2689 1521 2772 potest
1567 2686 1919 2759 neminem,
1952 2703 2151 2766 quam
2178 2688 2353 2749 male
2384 2685 2620 2753 existi-

413 2789 614 2859 ment,
645 2801 854 2866 quam
900 2783 1184 2846 tenuiter
1224 2784 1535 2860 sentiant,
1579 2784 1910 2867 plerique,
1946 2805 2071 2867 pro
2097 2786 2324 2850 innata
2354 2788 2617 2854 scilicet

417 2887 676 2950 cunctis
719 2883 1037 2967 carpendi
1093 2883 1321 2948 omnia
1370 2890 1440 2947 et
1486 2883 1904 2966 vituperandi
1960 2883 2263 2963 libidine,
2312 2889 2615 2954 maximo

419 3003 582 3049 sane
623 2991 692 3049 et
729 2985 1056 3048 acerrimo
1101 2984 1366 3048 virtutis
1421 2983 1854 3069 incitamento
1914 2992 2119 3068 atque
2178 2987 2473 3068 stimulo,
2532 2991 2631 3055 de·

419 3085 876 3151 Grammatica
915 3085 1268 3167 facultate;
1332 3103 1534 3170 quam
1576 3085 1767 3149 malit
1795 3086 2083 3170 quisque
2130 3093 2203 3151 et
2240 3087 2615 3175 'theologus

417 3188 656 3265 bonus,
702 3191 770 3251 et
807 3185 1117 3250 Medicus
1168 3187 1449 3270 peritus,
1487 3191 1557 3251 et
1611 3185 1884 3269 sapiens
1939 3184 1986 3249 J
1988 3185 2488 3268 urisconsultuS,
2544 3199 2619 3258 et

421 3285 874 3370 Philosophus
933 3286 1222 3363 subtilis,
1282 3285 1706 3350 sermonibus
1756 3287 1939 3370 vulgi
1979 3287 2323 3352 celebrari·
2354 3297 2426 3354 et
2470 3292 2616 3358 lau-

420 3386 588 3466 dari,
639 3405 838 3471 quam
880 3385 1378 3452 Grammaticus
1421 3385 1668 3450 doctus
1698 3405 1742 3450 a
1769 3387 2028 3470 paucis,
2062 3388 2177 3451 sed
2205 3388 2615 3473 intelligenti-

422 3490 554 3556 bus
600 3489 760 3566 illis,
803 3489 1031 3552 haberi
1071 3505 1155 3552 ac
1200 3487 1356 3551 dici.
1445 3485 1624 3565 Quae
1665 3487 1939 3569 quidem
1998 3491 2354 3568 temeritas,
2383 3510 2422 3555 e
2448 3492 2619 3558 mira

422 3590 719 3677 quadam
765 3588 1041 3653 desidiae
1085 3588 1476 3672 inertiaeque
1517 3587 1913 3670 cupiditate,
1944 3589 2297 3674 inepteque
2323 3591 2611 3658 habendi

425 3711 672 3768 amore,
697 3689 1022 3774 prosecta,
1041 3689 1242 3755 debet
1261 3708 1345 3753 eo
1373 3689 1590 3770 magis
1622 3689 1821 3753 rideri
1846 3696 2047 3772 atque
2078 3683 2447 3771 exsibilari,
2473 3713 2611 3777 quo

427 3793 668 3858 certius
698 3792 1246 3876 exploratiusque
1294 3789 1596 3866 habetur,
1630 3791 1914 3874 maJores
1954 3791 2109 3856 illas
2152 3794 2617 3876 gravioresque
2705 3815 2709 3820 ·

428 3895 828 3979 disciplinas
856 3893 1404 3977 interpretatione
1455 3893 1851 3976 scriptorum
1909 3899 2203 3958 veterum
2236 3901 2437 3970 recta,
2467 3901 2615 3956 tan-

429 4013 630 4080 quam
661 3997 904 4079 stirpes
949 3994 1306 4072 radicibus,
1343 3993 1552 4060 fultas
1601 3995 1751 4072 niti,
1802 3993 2045 4080 quibus
2076 3995 2379 4077 abruptis
2402 4001 2474 4058 et
2498 3995 2616 4058 ab·

431 4099 661 4162 scissis
688 4097 931 4178 stirpes
957 4096 1148 4180 ipsas
1197 4095 1545 4162 concidere
1595 4097 1908 4161 continuo
1940 4101 2007 4160 et
2034 4095 2297 4159 interire
2338 4113 2615 4161 necesso

431 4201 538 4265 sit.
625 4198 760 4263 Sed
783 4199 848 4262 in
877 4217 1122 4282 magna
1147 4199 1269 4264 illa
1297 4219 1584 4264 errorum
1619 4205 1683 4262 et
1712 4217 1906 4282 paene
1925 4196 2180 4260 infinita
2210 4195 2614 4265 multitudine
