3234 4909
1335 448 1754 499 PRAEFATm.
2088 449 2102 460 “
2610 439 2655 501 5

440 591 658 656 nescit
709 589 870 653 nihil
919 587 1204 668 dulciuS,
1249 590 1412 654 nihil
1457 593 1773 668 comtiuS,
1831 591 1994 655 nihil
2054 591 2445 674 elegantiae,
2502 611 2651 656 esse

443 693 687 758 Livio:
732 689 926 774 cujus
965 697 1188 755 tamen
1239 710 1544 775 magnam
1594 693 1906 757 librorum
1966 698 2225 777 partem
2268 693 2465 756 nobis
2524 693 2658 757 for-

446 801 620 858 tuna:
673 791 921 874 eripuit
993 792 1332 874 iniquitas.
1420 791 1554 857 Sed
1607 795 1769 876 quia
1812 796 2020 878 stylus
2087 793 2264 857 Livii
2314 799 2381 857 et
2437 795 2652 857 oratio

441 895 700 976 plenius
728 893 984 957 'omnia
1040 899 1109 957 et
1179 895 1526 976 copiosius
1575 901 1927 976 persecuta
1984 900 2108 973 est,
2170 901 2245 958 ut
2300 895 2650 958 verendum

445 993 776 1072 videatur,
805 1012 891 1058 ne
921 995 1242 1059 memoria
1293 995 1578 1059 tironum
1623 995 1831 1077 copia
1872 999 1940 1058 et
1988 994 2407 1059 multitudine
2432 983 2649 1058 rerum

444 1095 770 1160 immensa
824 1096 1150 1159 obruatur
1192 1097 1410 1178 magis
1455 1104 1522 1161 et
1563 1098 1882 1175 turbetur,
1913 1091 2117 1179 quam
2134 1097 2410 1180 juvetur
2434 1100 2501 1158 et
2530 1113 2651 1160 au·

444 1207 726 1278 geatur:
771 1201 1058 1279 praestat
1087 1215 1246 1259 sane
1269 1198 1356 1260 iis
1376 1204 1555 1276 ante,
1582 1216 1781 1281 quam
1813 1197 2156 1261 volumina
2176 1195 2353 1260 Livii
2383 1211 2649 1261 versare

443 1299 789 1380 incipiant,
847 1296 1032 1360 Flori
1088 1297 1356 1362 libellos
1410 1299 1847 1382 interpretari,
1908 1299 2103 1383 cujus
2157 1295 2493 1380 ingenium
2552 1303 2654 1362 est

442 1399 680 1481 paucis
735 1398 956 1461 omnia
1002 1398 1336 1480 eleganter
1377 1399 1826 1481 complexum.
1914 1397 2015 1461 At
2066 1397 2251 1460 Flori
2279 1411 2648 1480 corpuscut-

441 1500 604 1578 lum,
634 1500 924 1582 inquies,
954 1499 1185 1562 multis
1212 1500 1418 1576 vitiis,
1462 1500 1693 1565 multis
1725 1499 2029 1576 maculis,
2060 1517 2402 1582 aspersum
2430 1505 2498 1563 et
2528 1500 2648 1561 ob·

443 1602 650 1664 situm
681 1599 991 1675 cernitur,
1022 1606 1100 1662 ut
1127 1599 1542 1664 amatoribus
1573 1599 1849 1683 quidem
1895 1598 2250 1680 elegantiae
2294 1605 2366 1663 et
2410 1617 2649 1663 venus-

447 1701 614 1765 tatis
671 1703 966 1786 autiquae
1026 1701 1292 1784 placere
1335 1699 1454 1764 vix
1497 1701 1742 1785 possit,
1802 1700 1927 1764 sed
1976 1699 2309 1765 tironibus
2352 1697 2647 1792 historiae

447 1801 780 1868 Romana:
839 1803 1289 1868 commendari
1349 1801 1587 1868 debeat
1646 1802 1833 1867 nullo
1890 1800 2136 1866 modo:
2219 1817 2377 1864 nam
2430 1799 2644 1882 primo

447 1904 655 1969 multa
681 1900 990 1987 prodidit,
1021 1924 1174 1988 quae
1201 1903 1335 1968 fide
1377 1909 1445 1968 et
1487 1903 1877 1968 testimonio
1908 1904 2305 1987 scriptorum
2334 1900 2647 1983 gravissi-

443 2025 694 2070 morum
739 2025 870 2070 non
911 2005 1406 2083 confirmentur,
1451 2006 1657 2070 immo
1703 2005 2093 2070 auctoritati
2134 2021 2363 2069 eorum
2407 2021 2646 2085 repug-

443 2113 602 2171 nent
629 2108 835 2191 plane
863 2115 936 2171 et
961 2108 1434 2173 adversentur:
1481 2107 1719 2172 deinde
1746 2107 2121 2192 potentiam
2176 2105 2645 2179 Romanorum,

445 2209 868 2291 sapientiam,
890 2208 1362 2287 fortitudinem,
1387 2213 1457 2272 et
1483 2209 1775 2292 reliquas
1797 2210 2102 2284 virtutes,
2130 2205 2443 2271 laudibus
2460 2202 2649 2266 effert

443 2309 650 2372 nimis
681 2313 882 2391 atque
909 2308 1200 2385 extollit,
1229 2313 1306 2372 ut
1351 2307 1699 2390 cupiditas
1745 2307 1949 2373 facile
1992 2311 2353 2390 appareat:
2383 2309 2649 2387 postre-

445 2429 558 2474 mo
591 2410 1284 2492 orationem‘pravam
1326 2410 1504 2474 locis
1547 2429 1687 2474 non
1727 2409 1972 2494 paucis
2017 2414 2085 2473 et
2126 2405 2437 2472 vitiosam
2470 2421 2646 2480 esse,

447 2513 756 2580 Graevius
784 2515 1032 2596 aliique
1061 2517 1196 2578 tarn
1231 2512 1378 2576 fuse
1423 2512 1849 2597 disputarunt
1888 2517 1955 2576 et
1995 2518 2135 2576 tam
2176 2513 2485 2574 accurate
2524 2507 2649 2570 do.-

447 2622 744 2691 cuerunt,
775 2620 849 2678 ut
875 2613 1283 2677 dubitationi
1311 2614 1534 2676 nullus
1563 2613 1868 2678 videatur
1916 2611 2193 2675 relictus
2237 2627 2385 2672 esse
2423 2608 2647 2671 locus,

446 2714 542 2779 At
569 2715 728 2777 mihi
758 2717 987 2777 tamen
1007 2710 1176 2775 vitia
1203 2712 1356 2775 haec
1386 2730 1522 2774 non
1548 2711 1849 2776 videntur
1872 2709 2046 2772 hanc
2075 2709 2210 2770 vim
2237 2705 2502 2783 habere,
2542 2725 2651 2770 ne·

444 2833 578 2900 que
605 2821 861 2879 tantum
890 2812 1136 2889 valere,
1167 2811 1434 2890 debere,
1465 2819 1544 2876 ut
1587 2812 2049 2876 deterreantur
2090 2809 2333 2872 tirones
2374 2813 2447 2870 et
2488 2825 2650 2871 avo-

327 2908 342 2917 ’
445 2923 674 2983 centur
697 2935 741 2980 a
767 2915 1054 2980 lectione
1081 2913 1398 2978 librorum
1429 2911 1614 2977 Flori
1659 2911 1939 2975 assidua
1964 2914 2031 2974 et
2053 2908 2372 2992 diligenti.
2464 2905 2647 2972 Nam

445 3019 599 3102 quis
627 3021 756 3096 est,
786 3016 897 3081 cui
926 3017 1221 3098 ignotum
1251 3014 1364 3092 sit,
1408 3014 1611 3078 etiam
1662 3011 2091 3096 gravissimos
2141 3009 2529 3092 scriptores,
2570 3015 2647 3072 ut
2718 3029 2721 3034 ·

449 3121 670 3203 ipsum
745 3117 1019 3182 Livium.
1077 3114 1380 3197 aliosque
1442 3114 1719 3189 similes,
1779 3109 2275 3176 contaminasse
2323 3107 2644 3172 interdum

446 3219 818 3285 mendaciis
838 3217 1200 3292 veritatem,
1231 3215 1568 3298 multaque
1622 3211 2027 3295 prodidisse,
2057 3228 2339 3294 quorum
2382 3208 2644 3272 vanitas

449 3323 695 3405 cuique
721 3317 924 3385 facile
952 3317 1229 3401 pateat?
1279 3315 1585 3395 Quorum
1612 3315 1763 3379 libri
1807 3333 1960 3379 cum
2010 3311 2436 3376 nihilominus
2464 3314 2645 3373 recte

454 3424 758 3504 legantur
788 3420 877 3485 ab
908 3416 1259 3500 omnibus3
1305 3437 1444 3501 quo
1479 3417 1637 3500 jure
1680 3435 1815 3482 non
1858 3415 2057 3479 video
2100 3409 2645 3478 adolescentibus

453 3521 755 3588 interdici
787 3519 977 3585 Flori
1007 3517 1232 3602 Opere
1259 3520 1510 3604 possit:
1555 3518 1921 3603 praesertim
1948 3531 2106 3582 cum
2151 3532 2289 3579 vox
2316 3511 2645 3577 doctrina-

449 3643 578 3709 que
609 3621 905 3704 magistri
933 3618 1278 3685 emendare
1308 3625 1625 3703 corrupta
1651 3620 2103 3701 corrigereque
2130 3633 2342 3702 prava
2362 3613 2646 3694 debeat;

451 3743 668 3809 neque
697 3721 896 3788 facile
925 3721 1286 3804 quicquam
1327 3719 1456 3785 hoc
1486 3719 1757 3804 quidem
1798 3719 1869 3783 in
1912 3735 2149 3800 genere
2198 3718 2417 3792 restet,
2462 3711 2649 3795 quod

452 3825 846 3891 industriam
905 3827 971 3886 et
1027 3821 1434 3903 diligentiam
1493 3827 1600 3886 tot
1640 3821 2062 3904 interpretum
2104 3815 2646 3880 doctissimorum

456 3927 777 4011 effugerit.
867 3923 1130 3989 Deinde
1161 3923 1406 3988 rectius
1437 3941 1578 3986 reor
1607 3923 1695 3987 ab
1723 3919 2058 3986 historicis
2088 3917 2354 4001 quidem
2396 3911 2650 3980 Roma-

451 4030 561 4094 nis
591 4026 866 4114 peccari
907 4026 1208 4110 potuisse
1253 4026 1326 4090 in
1371 4025 1546 4100 hanc
1590 4031 1867 4108 partem,
1912 4026 1987 4085 ut
2024 4019 2207 4084 sacta
2237 4016 2647 4097 virtutesque

455 4131 690 4214 populi
743 4127 1036 4194 Romani
1097 4145 1234 4191 non
1291 4128 1660 4192 minuerent
1710 4125 2009 4190 oratione
2066 4125 2136 4185 et
2156 4133 2165 4142 ·
2188 4115 2645 4200 deprimerent,

458 4231 664 4296 immo
693 4230 898 4296 etiam
941 4228 1268 4322 altissime
1309 4229 1619 4298 tollerent
1660 4235 2047 4308 tantumque
2100 4237 2229 4284 non
2270 4217 2342 4284 in
2400 4218 2647 4285 coelum
